2950 4175
329 376 388 433 27.
406 373 471 435 (III.
484 375 523 435 12)
582 377 781 430 EPISTVLAE
802 381 993 434 sutburna
1205 380 1239 435 81

330 542 404 584 cum
425 521 458 578 in
479 518 568 597 Syria
588 521 727 582 tribunus
749 525 917 599 militarem,
939 542 1007 587 mta
1034 527 1239 587 familiaritate

329 616 510 695 complexus
524 636 598 688 sum,
612 617 702 695 idque
713 620 842 697 primum
854 642 914 682 non
925 625 1037 683 nullius
1048 624 1157 683 indolis
1167 622 1237 682 dedi

329 714 494 794 specimen,
517 713 598 791 quod
619 715 718 773 uirum
738 728 793 774 aut
811 718 975 796 sapientem
994 730 1049 780 aut
1067 721 1237 800 proximum

330 809 580 888 simillimumque
601 811 727 888 sapienti
751 812 924 894 intellegere
946 837 1012 877 sum
1033 818 1124 877 uisus
1167 825 1267 882 name

297 929 371 983 5ex
408 907 547 967 omnibus
582 908 634 985 qui
663 928 742 968 nunc
769 929 801 969 se
829 912 1020 991 philosophos
1047 924 1157 975 uocant
1184 913 1237 972 uix

331 1026 430 1066 unum
454 1014 509 1065 aut
528 1005 658 1065 alterum
681 1006 816 1066 inuenies
838 1017 925 1068 tanta
946 1011 1126 1083 sinceritate,
1150 1019 1238 1070 tanta

330 1104 471 1165 ueritate.
516 1103 606 1162 mitto
623 1123 682 1181 qua
701 1103 847 1181 patientia
866 1107 996 1184 corporis
1018 1107 1130 1167 hiemes
1149 1108 1238 1166 iuxta

330 1210 364 1262 et
383 1209 515 1261 aestates
536 1201 622 1272 ierat,
646 1210 681 1260 ut
702 1200 792 1259 nullis
814 1200 965 1261 laboribus
987 1203 1082 1276 cedat,
1105 1217 1140 1263 ut
1161 1202 1236 1263 nihil

329 1300 363 1358 in
400 1298 476 1369 cibo,
512 1297 545 1356 iu
577 1307 651 1376 potu
686 1296 893 1375 uoluptatibus
921 1299 1044 1372 tribuat,
1074 1311 1109 1360 ut
1136 1298 1237 1360 oculos

281 1415 317 1452 10
329 1396 528 1472 animumque
542 1396 703 1455 contineat.
741 1406 812 1453 sunt
827 1394 898 1453 haec
912 1415 1028 1473 magna,
1044 1396 1097 1456 sed
1113 1397 1144 1456 in
1163 1396 1266 1468 alim?

329 1495 362 1553 in
375 1495 432 1554 hoc
446 1513 519 1553 uero
533 1493 663 1566 minime,
679 1492 705 1551 si
719 1492 825 1551 ceteris
840 1492 1003 1551 uirtutibus
1017 1505 1235 1571 (temperentur,

330 1591 442 1668 quibus
458 1591 570 1650 meruit
584 1600 619 1650 ut
637 1611 655 1649 a
674 1589 707 1650 C.
727 1589 867 1648 Musonio
886 1609 924 1648 ex
945 1589 1083 1649 omnibus
1102 1591 1236 1649 omnium

331 1689 474 1749 ordinum
502 1688 741 1747 adsectatoribus
769 1706 861 1766 gener
888 1686 1103 1745 adsumeretur.
1160 1697 1265 1763 quae8

331 1787 407 1847 mihi
423 1786 594 1846 recordanti
614 1797 660 1846 est
677 1785 798 1865 quidem
818 1784 982 1844 iucundum
1000 1783 1080 1861 quod
1101 1804 1148 1843 me
1168 1804 1236 1842 cum

286 1897 318 1950 15
331 1884 413 1964 apud
427 1883 502 1943 alios
514 1894 580 1943 tum
590 1883 670 1962 apud
682 1893 712 1943 te
723 1882 817 1942 tantis
829 1881 966 1940 laudibus
977 1879 1118 1950 cumulat,
1133 1900 1237 1939 uereor

331 1991 433 2042 tamen
450 2002 488 2040 ne
502 1980 627 2040 modum
641 1980 775 2051 excedat,
788 1999 880 2058 quem
896 1977 1066 2057 benignitas
1077 1975 1141 2035 eius
1153 1976 1237 2054 (illuc

332 2080 413 2141 enim
428 2079 510 2139 unde
524 2079 609 2158 coepi
627 2078 775 2155 reuertor)
796 2098 854 2136 non
876 2075 952 2135 solet
966 2084 1076 2135 tenere.
1120 2095 1189 2133 nam
1204 2073 1235 2133 in
1248 2078 1265 2136 9

333 2178 389 2239 hoc
403 2198 464 2237 uno
478 2177 634 2237 interdum
650 2177 698 2237 uir
712 2176 825 2254 alioqui
840 2173 1091 2253 prudentissimus
1110 2172 1236 2231 honesto

332 2276 455 2355 quidem
470 2274 522 2333 sod
538 2285 638 2334 tamen
653 2294 753 2334 errore
769 2284 915 2342 uersatur,
928 2270 1009 2349 quod
1021 2269 1115 2349 pluris
1126 2269 1235 2329 amicos

291 2391 321 2427 20
333 2394 401 2434 suos
415 2392 507 2451 quam
522 2382 594 2431 sunt
607 2372 781 2431 arbitratur.
825 2368 899 2428 uale.

680 2688 730 2743 27.
767 2686 828 2747 (ΠΙ,
853 2686 901 2745 ra.)

462 2805 491 2857 C.
512 2804 660 2855 PLINIVS
677 2803 821 2856 CATILIO
839 2800 979 2852 SEVERO
997 2798 1065 2850 SVO
1082 2799 1106 2848 S.

373 2924 500 2983 Veniam
510 2923 548 2982 ad
558 2945 669 2995 acriam,
679 2922 730 2982 sed
742 2922 799 2981 iani
809 2941 887 2979 nunc
898 2919 1027 2998 paciscor
1036 2916 1076 2975 sit
1085 2912 1233 2992 expedita,
1249 2922 1264 2978 1

331 3022 371 3082 sit
386 3043 483 3101 prima,
509 3022 700 3081 ‘Socraticis'
716 3034 834 3079 tantum
852 3014 1070 3077 ‘sermonibus’
1091 3010 1233 3081 annuale,

293 3133 319 3184 ²5
332 3119 361 3179 in
372 3120 420 3179 his
429 3140 549 3197 quoque
562 3133 662 3179 teneat
677 3118 806 3177 moduni.
843 3128 932 3175 erunt
943 3114 1037 3174 officia
1047 3110 1233 3179 aritolucana,
1248 3119 1265 3175 2

335 3302 362 3352 Ιῖ
381 3315 432 3347 non
445 3298 513 3347 solet
524 3303 593 3347 roua
604 3297 669 3346 solet
683 3312 733 3345 non
746 3300 793 3344 MV

365 3387 405 3431 22
425 3382 458 3431 ‘22
475 3384 585 3430 Seram)
601 3396 649 3429 om.
670 3383 753 3427 mla
767 3378 818 3433 (but
836 3380 855 3425 B
872 3375 898 3424 in
912 3374 989 3423 barlex
1006 3387 1081 3421 senor
1095 3374 1116 3430 ·)
1149 3369 1182 3420 2³
1198 3367 1236 3419 sit

331 3464 458 3529 expedita
469 3465 505 3513 sit
516 3467 614 3512 Hvoua
625 3462 660 3510 sit
672 3459 796 3523 expedita
807 3462 845 3507 B?
