2950 4175
304 384 355 440 41.
373 359 468 446 ‹vro›
548 376 744 431 sersrvunu
767 369 955 426 senuerat.

648 824 781 886 LIBER
810 821 865 884 VI.

651 1065 720 1123 '41.
754 1069 865 1130 (VH.)

490 1199 518 1249 G.
545 1199 689 1249 PLINIVS
711 1200 878 1250 AthIANO
901 1199 969 1252 SVO
992 1202 1018 1254 S.

344 1347 433 1408 Soleo
454 1367 513 1407 non
536 1367 686 1423 nunquam
708 1347 739 1404 in
754 1346 871 1406 iudiciis
885 1367 1028 1425 quaerere
1050 1350 1094 1409 M.
1111 1344 1236 1429 Regu-l

276 1449 290 1503 5
305 1447 375 1518 lum,
393 1446 461 1505 nolo
476 1446 555 1505 enim
575 1445 680 1517 dicere,
696 1444 873 1505 desiderare.
917 1466 970 1506 cur
991 1466 1063 1527 ergo
1079 1451 1209 1525 quaerol

304 1545 434 1605 habebat
449 1543 556 1603 studiis
572 1543 719 1613 honorem,
737 1542 870 1615 timebat,
892 1543 1031 1621 pallebat,
1049 1546 1205 1620 scribebat,
1221 1557 1238 1613 2

304 1643 443 1721 quamuis
475 1661 534 1700 uon
562 1650 660 1718 posset
689 1639 825 1699 ediscere.
878 1639 953 1700 illud
988 1642 1096 1720 Ipsum,
1126 1644 1208 1721 quod

303 1740 423 1801 oculum
438 1739 526 1798 modo
540 1738 680 1797 dextrum
695 1737 783 1796 modo
799 1737 954 1797 sinistrum
970 1739 1205 1816 circumlinebat,

303 1837 454 1909 dextrum,
471 1837 495 1895 si
516 1856 534 1894 a
555 1836 689 1913 petitore,
705 1834 841 1907 alterum,
858 1835 883 1894 si
904 1854 922 1893 a
944 1855 1113 1914 possessore
1130 1851 1209 1899 esset

262 1951 292 1988 10
303 1950 433 2004 acturus
450 1933 529 2012 quod
545 1933 703 1992 candidum
724 1932 873 2011 splenium
888 1933 919 1991 in
934 1932 991 1993 hoc
1004 1937 1059 1994 'aut
1080 1935 1112 1995 in
1133 1935 1208 1996 illud

304 2033 495 2114 supercilium
526 2030 730 2104 transferebat,
767 2029 848 2110 quod
884 2051 1002 2111 semper
1038 2032 1209 2113 haruspices

304 2133 478 2195 consulebat
498 2131 536 2191 de
556 2130 681 2190 actionis
702 2137 822 2200 euentu,
838 2150 856 2189 a
878 2129 970 2189 nimia
984 2133 1206 2210 superstitione,

305 2231 357 2292 sed
382 2239 482 2289 tamen
507 2238 538 2288 et
556 2249 575 2287 a
596 2247 704 2307 magno
729 2225 897 2286 studiorum
922 2226 1034 2287 honore
1057 2230 1207 2291 ueniebat.

305 2330 364 2389 iim
380 2328 430 2386 illa
445 2347 585 2405 perquam
602 2325 730 2386 iucunda
746 2345 804 2384 una
819 2323 996 2397 dicentibus,
1013 2326 1094 2403 quod
1117 2326 1198 2386 liber·
1192 2334 1239 2389 a3
1281 2329 1323 2415 'lp

263 2452 291 2503 15
305 2438 442 2505 tempora
470 2426 599 2503 petebat,
622 2424 702 2502 quod
727 2422 884 2483 audituros
909 2424 1092 2501 corrogabat.
1135 2424 1209 2503 quid

305 2526 385 2585 enim
406 2522 564 2582 iucundius
585 2543 673 2599 quam
696 2520 888 2581 subalterius
910 2520 1024 2579 inuidia
1045 2541 1135 2599 quom
1156 2522 1209 2582 diu

307 2623 381 2682 uelis
403 2622 484 2681 etin
506 2621 603 2680 alieno
623 2620 772 2680 auditorio
787 2619 870 2699 quasi
892 2617 1112 2697 deprehensum
1133 2640 1209 2680 com·

306 2722 394 2782 mode
408 2721 528 2781 diceret

347 2820 406 2880 Sed
429 2807 591 2897 utcumque
614 2840 644 2878 se
666 2820 776 2879 habeut
799 2818 863 2891 ista,
885 2816 1053 2876 benefecit
1076 2815 1240 2895 Regulus4

263 2936 295 2972 20
307 2918 388 2997 quod
409 2928 454 2977 ost
469 2928 625 2989 mortuns;
646 2917 759 2988 molius,
776 2918 799 2975 si
820 2930 898 2976 ante.
944 2934 1023 2974 nnnc
1045 2916 1123 2973 enim
1139 2936 1210 2975 sune

308 3026 426 3094 poterat
448 3016 510 3075 sino
526 3015 603 3074 malo
625 3016 742 3093 publico
757 3016 858 3074 uiucrc
872 3015 928 3075 sub
948 3035 983 3074 eo
999 3014 1132 3093 principe
1155 3014 1211 3072 sub

308 3136 368 3192 quo
391 3134 494 3174 nocere
517 3136 573 3173 non
590 3126 713 3193 pluerat.
758 3113 824 3173 idco
846 3113 888 3171 fas
909 3122 1032 3173 estnon
1056 3132 1210 3190 mmquam

342 3301 381 3341 41
415 3297 429 3345 ’ἵ
449 3302 535 3357 posset
558 3294 671 3342 orlisccrc
698 3298 782 3356 (posse
805 3300 831 3341 tc
854 3292 953 3341 discere
976 3297 1011 3351 II)
1035 3297 1095 3342 Meu
1124 3300 1211 3355 'uisset

309 3375 443 3424 dcdisccrc
461 3390 478 3423 a
525 3378 552 3423 1¹2
569 3378 664 3424 anirum
682 3381 756 3429 (corr.
771 3376 810 3436 fr.
831 3375 910 3423 animi
929 3380 945 3423 3
961 3376 998 3433 h.)
1016 3379 1042 3423 Μ
1059 3376 1140 3423 animi
1159 3386 1211 3423 oua

313 3460 342 3507 13
359 3465 386 3507 ct
398 3476 414 3505 a
426 3475 519 3521 magno
531 3463 572 3506 Ila
584 3471 608 3507 ct
623 3476 715 3523 magno
726 3472 760 3508 ou

753 3552 767 3587 Ρ
