2950 4175
331 386 365 437 Ω
540 383 570 437 0.
590 382 692 437 nunu
708 380 855 437 ciuem
870 380 1029 437 mmm
1067 382 1120 441 1¹1.
1136 332 1238 447 (illl)

374 531 437 593 lsrn
463 530 519 593 hoe
543 530 643 611 ipsum
667 530 828 611 puleium
849 536 884 591 et
904 528 1073 611 antiquum,
1097 537 1237 591 sensim

286 637 319 694 19
330 618 420 690 'noete
441 628 552 701 dirimi,
577 626 679 688 triduo
703 628 814 702 uoueri,
839 626 943 689 tsiduo
968 627 1124 689 eontineri.
1167 626 1238 691 Gor·

332 737 425 788 nutus
438 725 601 798 Tertullus,
617 725 721 786 oonsul
731 724 916 807 designstus,
927 725 1123 807 uiremgius
1136 734 1171 789 et
1182 744 1239 807 pro

331 824 461 887 ueritate
484 822 680 896 firmissimus,
703 822 823 885 oensuit
842 822 1034 905 septingenta
1053 822 1139 885 milis
1159 842 1238 903 quse

331 930 487 1002 oeoeperst
522 919 638 981 Marius
671 920 788 983 serario
820 919 984 995 inierendn
1028 918 1128 981 Murio
1162 918 1238 983 urbe
1264 938 1272 995 ε

331 1019 480 1098 italisque
491 1016 741 1093 interdiosndum,
754 1016 909 1081 Muuisno
917 1017 975 1081 lmo
982 1016 1112 1099 emplius
1121 1016 1234 1081 Adios

331 1117 363 1176 in
376 1115 436 1176 fine
449 1114 619 1175 sententiae
632 1114 752 1188 edieoit,
762 1114 916 1197 quodego
927 1112 1090 1177 et'l'soitus
1098 1112 1239 1177 ieiunet·

331 1212 528 1274 aduocatione
559 1210 722 1294 diligenter
752 1220 786 1273 et
815 1210 937 1273 fortiter
964 1210 1061 1273 iuneti
1091 1230 1235 1287 ememus,

330 1309 471 1370 arbitrari
485 1316 625 1370 senatum
638 1309 684 1370 its
696 1328 753 1370 nos
766 1308 871 1371 isoisse
883 1316 921 1371 ut
936 1307 1062 1389 dignum
1081 1308 1237 1371 mandetis

284 1405 467 1487 mpertibus
504 1404 606 1466 fuerit
664 1405 864 1467 adsenseum
900 1404 1035 1467 eonsules
1069 1403 1233 1487 designeti,
1249 1424 1272 1465 u

330 1503 535 1565 omnesetism
544 1502 715 1565 consulares
725 1500 1054 1583 usquesdPompeium
1063 1499 1234 1585 Collegsm:

330 1601 381 1662 ille
404 1610 437 1662 et
460 1601 653 1683 septingenta
675 1600 761 1661 milis
783 1598 898 1661 sereno
920 1598 1076 1661 inies-ends
1095 1606 1130 1661 et
1153 1598 1235 1663 Mer·

329 1699 449 1760 sianum
470 1699 501 1758 in
520 1697 761 1778 quinquennium
774 1694 975 1779 relegendum,
996 1694 1127 1758 Marium
1151 1716 1234 1779 repe

215 1801 217 1805 ’
330 1797 494 1858 tunderum
520 1815 642 1877 poenes,
671 1815 763 1875 quam
787 1795 848 1855 iem
871 1812 975 1875 pessus
998 1802 1085 1868 esset,
1113 1795 1233 1857 sensuit

283 1903 315 1961 21
330 1893 569 1974 relinquendum
620 1902 708 1954 erent
733 1893 766 1953 in
794 1900 922 1971 utreque
951 1891 1102 1953 sententis
1130 1890 1230 1967 multi,
1246 1908 1272 1965 ις

329 1991 456 2053 fortasse
470 1992 562 2053 etiem
576 1990 678 2072 plures
691 1991 722 2051 in
737 1990 794 2051 heo
805 1989 853 2051 uel
866 1989 1009 2051 solutiore
1022 1988 1070 2050 uel
1084 1988 1228 2053 molliore

329 2111 399 2151 nom
413 2091 537 2170 quidam
554 2109 593 2150 ex
610 2089 669 2149 illis
688 2108 808 2168 quoque
826 2086 878 2168 qui
898 2085 1032 2150 Cornuto
1047 2086 1233 2150 uidebuntur

328 2188 446 2250 adsensi
465 2188 554 2261 hune,
572 2186 625 2267 qui
646 2195 716 2267 post
736 2186 818 2266 ipsos
834 2194 998 2259 eenmerst,
1017 2183 1229 2265 sequetmon.

282 2295 316 2353 m
328 2286 381 2348 sod
395 2306 461 2347 oum
474 2286 560 2346 lieret
570 2284 718 2357 discessio,
730 2283 783 2363 qui
794 2282 875 2344 sellis
885 2281 1038 2345 oonsulum
1048 2282 1232 2345 adstitersnt

328 2386 360 2446 in
374 2384 502 2447 Cornuti
517 2383 698 2445 sententiam
712 2381 757 2443 ire
769 2368 939 2462 coeperunt.
986 2392 1052 2443 tum
1064 2381 1111 2442 illi
1130 2382 1231 2463 quise
1242 2405 1272 2446 eo

328 2481 469 2563 Collegae
483 2479 673 2542 adnumerari
694 2478 888 2560 patiebantur
904 2479 935 2540 in
954 2479 1106 2540 diuersum
1124 2479 1231 2541 tlensi-

327 2588 425 2653 orunt,
439 2578 563 2660 Collega
575 2596 644 2639 eum
659 2576 762 2657 peusis
774 2575 903 2638 relictus
936 2576 1066 2638 multum
1076 2576 1230 2658 posteede

327 2676 540 2758 impulsoribus
561 2674 631 2748 suis,
651 2674 811 2754 praecipue
830 2671 869 2736 de
889 2673 1013 2760 Regulo,
1028 2684 1153 2755 questus
1172 2684 1229 2749 est,

327 2775 379 2854 qui
394 2795 426 2835 se
440 2774 472 2834 in
487 2765 638 2833 sententio
655 2791 746 2851 quom
768 2771 831 2851 ipse
852 2771 1020 2833 dictsuernt
1038 2772 1226 2835 deseruisset

328 2882 374 2932 ost
388 2871 499 2950 alioqui
522 2869 636 2949 llegulo
651 2878 713 2929 tom
728 2867 838 2931 mobile
852 2869 1004 2951 ingenium
1018 2879 1053 2929 ut
1066 2868 1229 2950 plurimum
1242 2889 1272 2946 ις

328 2969 446 3042 strident,
463 2967 626 3049 plurimum
641 2968 755 3028 timeat.

282 3075 316 3132 23
370 3068 427 3128 llic
442 3067 510 3127 linis
525 3065 706 3146 cognitionis
719 3066 926 3145 sinplissimoe.
977 3076 1112 3145 superest
1125 3074 1227 3127 mmen

329 3164 497 3244 λιτούργιον
526 3184 585 3225 nou
618 3163 894 3237 leue‚—llostilius
925 3163 1082 3237 Firminus,
1111 3163 1229 3245 legatus

327 3308 344 3356 2
360 3306 449 3356 dirimi
465 3310 491 3355 u
506 3305 609 3355 dirimit
624 3309 645 3354 v
658 3304 760 3354 dimitti
776 3308 867 3365 (ortorp.
885 3308 899 3353 1
915 3304 939 3353 lt.
958 3304 998 3353 slr
1013 3303 1101 3353 ‹lirimi
1117 3308 1142 3360 ol
1158 3309 1229 3354 l'out

327 3390 360 3439 28
384 3389 580 3438 errorrrlon
596 3392 615 3437 P
631 3388 823 3437 ullorrrron·
839 3390 886 3435 HV
899 3401 946 3435 cmi.
962 3385 987 3434 in
1003 3385 1078 3435 luant
1094 3384 1145 3445 (bist
1162 3386 1229 3436 luter

329 3471 352 3520 h.
367 3473 515 3532 λειτούργιον
527 3473 553 3528 ο)
565 3483 599 3520 ou
610 3472 785 3531 λειτούργιονι
