2950 4175
325 372 376 426 32.
395 371 453 432 (IV.
468 375 508 431 ll)
566 371 765 422 EPISTVLAE
788 372 991 436 sutburna„
1194 375 1227 424 65

325 527 439 576 actores
470 517 654 590 habebatur,
690 538 769 578 nune
800 539 835 578 eo
865 519 979 578 decidit
1011 531 1044 577 ut
1075 519 1160 578 exsul
1188 519 1226 578 dc

325 625 469 685 senatore,
492 615 594 674 rhetor
621 615 659 675 de
688 629 805 676 oratore
831 620 923 678 fieret.
975 619 1077 696 itaque
1103 619 1166 696 ipse
1195 618 1257 688 in2

326 713 509 794 praefatione
537 713 617 772 dixit
647 713 784 774 dolenter
816 726 847 775 ct
877 718 1012 796 grauiter
1037 724 1128 794 ‘quos
1160 715 1225 787 tibi,

326 811 467 882 Fortuna,
498 811 583 870 ludos
611 811 701 870 faeisl
729 813 801 872 facis
830 815 910 872 enim
942 835 980 873 ex
1009 813 1227 893 professoribus

299 927 312 978 5
326 919 485 976 senatores,
501 929 538 967 ex
552 909 738 968 senatoribus
755 910 953 988 professores!
994 912 1042 971 eui
1059 910 1228 970 sententiae

327 1015 445 1065 tantum
480 1005 555 1076 bilis,
585 1015 703 1064 tantum
733 1007 942 1067 amaritudinis
976 1009 1056 1068 inest
1087 1018 1123 1067 ut
1153 1007 1227 1067 mihi

327 1102 466 1161 uideatur
487 1101 554 1161 ideo
576 1103 724 1181 professus
747 1114 782 1162 ut
804 1103 859 1162 hoc
881 1104 1002 1165 diceret.
1045 1105 1135 1178 idem,
1159 1111 1258 1168 eum3

326 1200 439 1260 Graeco
467 1199 556 1278 pallio
583 1201 709 1260 amictus
733 1201 874 1259 intrasset
889 1205 1005 1276 (carent
1029 1203 1110 1263 enim
1139 1212 1228 1282 togae

325 1299 390 1358 iure
408 1298 517 1376 quibus
534 1319 611 1376 aqua
631 1309 663 1357 et
684 1298 747 1379 igni
768 1298 962 1361 interdictum
983 1301 1051 1378 est),
1067 1310 1228 1382 postquam

283 1416 314 1450 ιο
326 1417 357 1456 se
370 1396 537 1474 composuit
550 1396 818 1473 circumspexitque
833 1397 969 1457 habitum
984 1419 1080 1474 suum,
1096 1398 1228 1460 ‘Latine'

326 1494 424 1571 inquit
447 1492 681 1551 ‘declamaturus
695 1492 779 1552 sum'

366 1591 454 1650 Dices
476 1590 575 1650 tristia
599 1599 631 1650 et
653 1590 829 1663 miseranda,
851 1592 979 1672 dignum
1004 1603 1107 1653 tamen
1131 1592 1257 1664 illum‚4

326 1690 377 1768 qui
398 1690 470 1748 haec
489 1691 554 1768 ipsa
573 1689 674 1748 studia
695 1691 799 1749 incesti
820 1690 930 1749 scelere
951 1691 1117 1751 macularit.
1160 1708 1257 1765 con-5

326 1789 420 1847 fessus
435 1787 616 1866 estquidam
631 1789 783 1860 incestum,
800 1788 851 1848 sed
874 1788 1023 1848 incertum
1037 1798 1142 1849 utrum
1156 1789 1228 1867 quia

284 1901 311 1952 15
325 1906 431 1945 uerum
453 1897 518 1944 erat
535 1906 574 1944 an
593 1886 663 1963 quia
682 1886 821 1965 grauiora
842 1886 1005 1958 metuebat,
1028 1887 1053 1945 si
1078 1897 1225 1967 negasset.

325 1983 473 2043 fremebat
493 1982 573 2043 enim
595 1982 785 2042 Domitianus
808 1982 1025 2060 aestuabatque
1053 1983 1084 2043 in
1110 1984 1227 2064 ingenti

325 2081 441 2141 inuidia
463 2080 636 2141 destitutus.
679 2101 747 2139 nam
769 2100 835 2139 cnm
858 2078 1035 2154 Corneliam,
1059 2079 1258 2150 Vestaliumss

326 2181 494 2252 maximam,
518 2179 658 2238 defodere
684 2179 785 2237 uiuam
808 2178 1003 2257 concupisset,
1026 2188 1062 2238 ut
1086 2180 1139 2257 qui
1163 2179 1228 2239 illu·

325 2278 414 2338 strari
428 2276 577 2337 sacculum
592 2296 678 2335 suum
693 2276 756 2334 cius
771 2275 850 2334 modi
868 2275 1006 2354 exemplo
1020 2276 1226 2349 arbitraretur,

282 2395 314 2430 20
326 2376 474 2456 pontilicis
489 2375 610 2434 maximi
625 2375 688 2433 iure
704 2394 755 2433 scu
778 2374 877 2452 potius
892 2373 1080 2433 immanitate
1095 2375 1226 2453 tyranni,

326 2473 446 2533 licentia
459 2472 581 2543 domini,
598 2471 726 2548 reliquos
743 2471 897 2550 pontificos
912 2491 972 2530 non
986 2471 1017 2530 in
1034 2472 1161 2552 Regiam
1175 2472 1228 2532 sed

326 2574 357 2632 in
379 2572 527 2631 Albanam
550 2570 651 2630 uillam
676 2570 860 2630 commeavit.
905 2590 959 2628 nee
982 2570 1096 2630 minore
1119 2570 1228 2630 scelere

326 2691 416 2749 quarn
431 2669 512 2747 quod
528 2668 627 2728 ulcisci
644 2667 803 2727 uidebatur
824 2666 979 2725 absentem
1000 2666 1228 2745 inauditamque

325 2768 481 2827 damnauit
502 2767 615 2837 incesti,
631 2786 697 2825 eum
719 2765 782 2843 ipse
798 2764 899 2823 fratris
920 2763 1011 2822 filiam
1033 2765 1147 2824 incesto
1168 2785 1228 2823 non

282 2879 312 2929 25
327 2866 480 2946 polluisset
502 2865 596 2923 solum
618 2883 721 2924 uerum
741 2864 832 2922 etiam
851 2862 1024 2922 occidisset:
1048 2882 1117 2921 nam
1137 2862 1229 2922 uidua

327 2965 433 3023 abortu
450 2963 546 3041 periit.

360 3148 401 3189 ³2
425 3146 441 3189 4
461 3158 493 3190 ex
506 3144 564 3191 ...5
584 3140 741 3204 professores
762 3145 851 3190 Brona
890 3156 921 3188 ex
941 3137 1108 3188 senatoribus
1130 3137 1228 3203 profes·

327 3241 398 3274 sores
420 3240 452 3273 ex
475 3223 665 3288 professoribus
687 3230 820 3272 senatores
842 3222 909 3271 uvf
954 3224 983 3271 lu
1011 3222 1038 3270 in
1066 3221 1168 3285 ingenti
1192 3224 1231 3269 B?

328 3308 427 3371 ingenti
450 3311 549 3355 Hvouu
596 3307 622 3357 17
656 3306 794 3354 uestaliuin
825 3305 963 3353 maximam
987 3308 1034 3351 HV
1056 3302 1228 3352 maximillam

328 3390 453 3439 uestalern
476 3394 565 3438 Brona
611 3390 639 3436 lS
666 3390 830 3451 concupisset
856 3393 937 3436 λίνου
963 3387 1079 3450 cupisset
1091 3391 1146 3436 Bra
1200 3388 1229 3435 19

327 3471 446 3534 exemplo
462 3475 517 3520 Bra
532 3469 658 3533 exemplis
674 3474 756 3519 mou

772 3563 786 3596 r,
