2950 4175
323 356 351 414 a
368 356 400 419 (ι.
414 356 454 416 ιιι
512 357 514 359 ’
564 351 764 403 asservans
786 349 977 403 saoneres
1197 355 1227 404 rs

322 502 407 582 tugis.
439 501 499 560 iam
507 498 572 558 dies
582 498 666 570 alter,
677 498 794 571 tertius,
807 506 951 576 quartus:
966 498 1139 559 abstinebat
1149 499 1223 560 cibo.
1277 494 1281 500 ’
1307 489 1324 561 ,2'

322 600 401 659 misit
415 598 454 658 ad
468 617 516 656 me
531 616 607 656 uror
620 596 683 656 eius
699 596 839 675 Hispulla
852 616 1042 657 eommunem
1051 598 1180 657 amioum
1191 597 1223 658 C.
1314 602 1320 630 ⁸

321 696 491 757 Geminium
500 715 568 754 eum
577 694 748 753 tristissimo
760 695 874 768 nuntio,
885 695 1052 755 destinasse
1061 695 1225 756 Corellium

321 793 395 852 mori
417 813 470 852 nee
491 801 545 852 aut
565 792 626 851 suis
653 801 707 851 aut
734 792 813 852 filiae
842 793 980 872 precibus
1008 794 1097 866 flecti,
1127 793 1225 854 solum

292 903 308 955 5
322 910 472 968 superesse
487 910 534 949 me
543 909 561 948 a
571 909 631 966 quo
642 890 775 950 reuocari
786 898 887 970 posset
897 889 937 950 ad
948 891 1052 950 uitam.
1088 891 1206 951 cucurri
1219 915 1225 950 ;
1238 895 1272 951 10

321 1007 514 1066 perueneram
524 987 556 1045 in
567 988 745 1065 proximum,
758 1008 826 1048 eum
837 987 912 1047 mihi
920 987 959 1047 ab
968 987 1074 1047 eadem
1084 987 1226 1067 Hispulla

322 1082 415 1144 Iulius
443 1084 564 1144 Atticus
591 1085 712 1145 nuntiat
740 1085 814 1145 nihil
849 1084 910 1143 iam
944 1103 983 1144 ne
1018 1104 1066 1144 me
1101 1085 1224 1163 quidem

322 1181 569 1260 impetraturum:
592 1191 654 1241 tam
668 1182 819 1242 obstinate
833 1181 929 1262 magis
943 1202 978 1243 ae
992 1182 1087 1262 magis
1102 1182 1224 1241 induru-

322 1279 384 1339 isse.
428 1279 547 1339 dixerat
563 1300 633 1340 sane
652 1279 768 1340 medico
785 1279 959 1339 admonenti
977 1279 1077 1339 eibum
1096 1279 1223 1353 κέκρικα,

289 1393 396 1455 requae
410 1396 471 1436 uox
485 1387 632 1455 quantum
646 1377 853 1437 admirationis
867 1376 898 1435 in
913 1376 1014 1437 animo
1025 1397 1093 1437 meo
1104 1385 1225 1436 tantum

322 1474 459 1535 desiderii
474 1475 604 1553 reliquit
1283 1484 1324 1538 ,1

360 1572 469 1653 Cogito
503 1592 563 1650 quo
590 1573 692 1644 amieo,
721 1592 781 1650 qno
809 1572 875 1632 uiro
903 1591 1027 1632 caream
1085 1571 1226 1650 impleuit
1239 1567 1270 1624 11

323 1669 442 1749 quidem
476 1690 588 1729 anirum
619 1671 779 1750 septimum
808 1679 839 1729 et
867 1670 1117 1750 sexagensimum,
1148 1690 1225 1747 quae

322 1777 403 1829 aetas
417 1768 508 1828 etiam
522 1768 734 1828 robustissimis
750 1768 822 1828 satis
836 1767 927 1847 longa
941 1776 1004 1827 est:
1019 1768 1088 1826 seio.
1128 1768 1226 1826 euasit

288 1887 310 1939 ις
323 1875 497 1948 perpetuam
512 1866 734 1926 ualetudinem:
756 1866 823 1926 seio.
867 1865 996 1926 decessit
1010 1865 1225 1945 superstitibus

322 1965 391 2038 suis,
407 1965 534 2024 florente
548 1983 580 2024 re
595 1963 721 2043 publiea,
737 1983 814 2041 quae
831 1962 875 2022 illi
893 1962 1033 2023 omnibus
1050 1963 1112 2022 suis
1129 1963 1226 2023 carior

322 2071 403 2123 erat:
425 2070 456 2122 et
475 2062 530 2122 hoe
548 2061 614 2122 scio.
658 2081 714 2141 ego
728 2050 829 2121 tamen
844 2069 990 2139 tanquam
1008 2068 1040 2120 et
1058 2060 1177 2120 iuuenis
1194 2069 1226 2120 et
1240 2063 1272 2120 12

321 2161 476 2221 fortissimi
497 2171 594 2220 morte
616 2159 710 2231 doleo,
734 2158 822 2218 doleo
844 2166 954 2230 autem,
980 2156 1115 2217 licetine
1136 2157 1226 2217 imbe-

321 2259 422 2319 cillum
442 2266 539 2337 putes,
561 2277 628 2317 meo
647 2257 774 2316 nomine.
818 2255 903 2315 amisi
925 2255 1013 2327 enim,
1037 2255 1121 2313 amisi
1145 2255 1226 2314 uitae

282 2372 405 2411 semeae
419 2361 537 2422 testem,
554 2363 707 2421 rectorem
723 2349 908 2429 magistrum.
947 2348 1114 2417 insumma
1128 2348 1225 2408 dicam

322 2451 402 2532 quod
424 2450 535 2509 recenti
558 2448 660 2508 dolore
680 2413 886 2509 contubernali
908 2465 976 2505 meo
997 2445 1129 2505 Caluisio
1151 2445 1224 2517 dixi,

325 2557 446 2609 ‘uereor
460 2569 498 2607 ne
514 2547 720 2628 neglegentius
736 2543 856 2604 uiuam)

363 2646 494 2707 Proinde
508 2645 617 2705 adhibe
631 2643 740 2705 solacia
753 2642 835 2715 mihi,
852 2660 912 2700 non
932 2641 1029 2700 haee‘
1039 2660 1131 2700 senex
1151 2649 1225 2714 erat,
1241 2647 1274 2704 13

327 2878 336 2925 l
364 2877 443 2941 fregit
474 2876 611 2924 illomnrsen
653 2875 669 2923 3
694 2874 834 2937 geminium
863 2876 935 2920 BPua
963 2870 1096 2934 geminum
1125 2883 1141 2918 0
1171 2869 1229 2918 Keil

325 2960 485 3023 germaninm
511 2962 537 3006 11
560 2972 710 3020 gerrnmrnm
732 2959 754 3002 V
793 2957 809 3003 4
837 2952 907 3002 flecti
934 2955 1025 3001 Broua
1054 2950 1152 2999 inflecti
1182 2955 1230 2999 HV

325 3042 341 3091 9
368 3043 463 3103 κέκρικα
486 3038 587 3088 BHVfa
608 3041 711 3096 κέκμηκκ
737 3036 886 3094 Beroaldus,
907 3033 966 3083 2lt.
988 3049 1048 3082 ouer
1065 3050 1129 3082 erus.
1153 3037 1180 3090 F,
1202 3032 1230 3081 itt

326 3122 401 3172 tlord·
410 3136 434 3181 0,
446 3137 494 3171 οιιι.
508 3123 531 3167 in
545 3118 620 3168 ldonl·
630 3133 648 3167 u
678 3122 707 3168 lo
723 3120 777 3167 suis
788 3134 837 3167 οιιι.
849 3117 896 3178 afl-
907 3115 1029 3166 omnibns
1040 3116 1108 3165 nvf
1137 3117 1164 3166 17
1181 3130 1230 3178 ego

303 3219 315 3243 ⁸
326 3220 373 3253 ean.
384 3209 431 3253 1111
442 3212 469 3254 et
483 3203 584 3251 iuuenis
595 3208 623 3249 et
635 3201 770 3249 fortissimi
782 3204 834 3248 Boa
848 3199 951 3246 iuuenis
962 3203 991 3246 et
1003 3197 1140 3246 fortissimi
1155 3202 1190 3245 Fu
1202 3204 1230 3245 st

327 3288 428 3336 iuuenis
439 3292 468 3335 et
479 3284 619 3333 tinnissnni
632 3286 678 3331 111
714 3285 742 3331 18
759 3287 843 3330 morte
858 3279 934 3328 ‹loleo
947 3278 1024 3328 doleo
1039 3288 1128 3327 autern
1141 3282 1231 3326 Bl'oua

327 3377 436 3418 mortem
465 3367 541 3416 doleo
568 3365 644 3413 doleo
671 3373 758 3413 autem
786 3367 808 3410 V
838 3366 948 3411 mortem
980 3359 1057 3409 doleo
1086 3366 1176 3409 antem
1205 3364 1232 3408 11

330 3452 358 3500 lt
374 3452 449 3499 arrrisi
462 3466 509 3497 (ιιιι,
524 3448 571 3510 “fl-
586 3448 654 3495 onim
667 3445 734 3495 W
