2950 4175
299 393 349 453 05.
367 395 428 456 (IX.
441 395 482 454 19)
543 390 743 442 EPISTVLAE
761 384 952 439 SELECTAE.
1153 381 1199 430 125

297 539 474 600 relationem
500 537 621 616 quidem
648 537 687 596 de
711 554 746 595 eo
774 533 883 594 Caesar
911 530 949 590 ad
978 536 1114 589 senatum
1139 545 1199 585 non

297 636 429 697 remisit:
451 634 567 695 obtinui
580 643 679 691 tamen
691 632 772 709 qnod
783 629 989 702 intenderam
1007 645 1076 686 nam
1087 622 1201 702 collega
1212 625 1245 680 23

298 733 381 792 Certi
402 731 597 802 consulatum,
613 748 810 788 successorem
830 727 938 788 Certus
957 724 1078 803 accepit,
1102 721 1200 802 planc-

297 848 355 905 quc
376 827 489 886 facturn
511 836 556 885 est
577 825 657 902 quod
677 825 813 885 dixeram
833 826 865 884 in
886 826 953 897 fine,
972 822 1098 884 ‘reddat
1119 839 1201 899 pree-

271 935 285 987 5
297 925 391 982 mium
405 923 461 983 sub
475 923 587 1000 optimo
602 923 736 1001 principe
750 922 830 999 quod
845 943 863 981 a
876 923 1005 1001 pessimo
1019 919 1151 998 accepit!

337 1020 448 1079 Postea
463 1020 609 1078 actionem
627 1039 732 1090 meam,
753 1027 916 1098 utcumque
936 1019 1029 1098 potui,
1050 1015 1198 1095 recollegi,

296 1115 400 1177 addidi
421 1115 524 1174 multa
575 1116 683 1175 accidit
711 1117 877 1188 fortuitum,
900 1115 953 1176 sed
974 1136 1033 1176 non
1056 1123 1199 1194 tanquam
1213 1117 1245 1173 24

295 1213 464 1284 fortuitum,
480 1213 560 1290 qnod
575 1213 663 1272 editis
683 1213 766 1273 libris
784 1212 891 1273 Certus
910 1215 991 1273 intra
1007 1213 1201 1292 paucissimos

296 1311 361 1372 dies
388 1310 551 1388 implicitus
579 1311 683 1370 morbo
710 1311 845 1370 decessit.
902 1311 1005 1370 audiui
1037 1311 1200 1371 referentes
1213 1312 1246 1368 25

253 1424 284 1461 ¹⁰
296 1410 373 1470 hanc
387 1409 545 1487 imaginem
561 1409 654 1469 menti
670 1409 741 1482 eius,
757 1409 834 1468 hanc
848 1407 940 1468 oculis
960 1408 1120 1482 oberrasse,
1138 1416 1201 1468 tan-

296 1528 387 1586 quam
408 1507 527 1568 uideret
547 1527 594 1567 me
615 1508 670 1566 sibi
692 1527 760 1566 cnm
781 1506 860 1566 ferro
882 1506 1045 1565 imminere.
1090 1525 1201 1565 uerene

296 1606 369 1665 haec
383 1605 541 1665 adfirmare
555 1626 614 1665 non
631 1605 745 1679 ausim,
764 1605 892 1664 interest
905 1613 1007 1663 temen
1022 1603 1151 1682 exempli
1167 1611 1201 1663 ut

297 1724 370 1764 uera
387 1703 553 1764 uideantur.

339 1801 440 1862 Habes
455 1801 621 1881 epistulam,
638 1802 662 1860 si
677 1800 800 1861 modum
814 1799 961 1879 epistulae
979 1799 1100 1880 cogites,
1117 1798 1201 1859 libris
1213 1803 1247 1860 26

253 1914 283 1966 15
297 1919 373 1977 qnos
397 1899 496 1976 legisti
519 1919 577 1959 non
600 1900 764 1974 minorem;
796 1898 849 1959 sed
874 1898 1036 1977 imputabis
1060 1897 1125 1971 tibi,
1148 1897 1201 1976 qui

296 2005 458 2057 contentus
472 1996 556 2057 libris
570 2017 629 2057 non
644 1997 736 2058 fuisti.
778 1996 854 2057 uele.

628 2299 698 2361 'eu
732 2306 791 2366 ux.
808 2307 859 2366 19.)

510 2422 538 2472 c.
559 2420 704 2471 pumirs
723 2420 858 2472 nnsonr
876 2420 943 2471 svo
960 2420 986 2471 s,

338 2555 494 2637 Significas
509 2554 613 2635 legisse
628 2564 658 2615 te
673 2556 704 2614 in
718 2554 848 2632 quadam
864 2554 992 2633 epistula
1004 2574 1069 2614 mea
1081 2553 1200 2613 iussisse
1230 2562 1245 2619 1

251 2684 284 2720 20
297 2655 476 2735 Verginium
491 2652 603 2712 Rufum
618 2652 737 2713 inscribi
753 2651 888 2731 sepulcro
903 2672 966 2724 suo,

347 2752 405 2811 Hic
420 2753 496 2811 situs
511 2763 556 2810 est
571 2750 675 2822 liniue,
692 2750 777 2830 pnlso
792 2750 843 2827 qui
859 2748 985 2810 Vindice
1000 2748 1150 2827 qnondam

386 2850 545 2928 imperinm
560 2849 692 2909 rnlscrnit
709 2870 766 2908 non
782 2849 838 2907 sibi
853 2848 905 2909 scd
922 2848 1044 2927 patriae.

297 2947 492 3027 reprehendis
506 2948 585 3026 ‹prml
609 2949 735 3020 iusserit,
751 2947 837 3007 arlrlis
853 2948 943 3007 ctiam
960 2946 1066 3006 melius
1082 2946 1201 3006 rectine-

298 3069 356 3125 qnc
380 3047 566 3119 Frontimim,
585 3047 665 3125 qnod
688 3047 819 3106 uetuerit
839 3046 962 3106 omnino
983 3045 1200 3103 monimentum

301 3228 327 3275 ll
349 3225 453 3274 uideret
467 3242 507 3275 mc
523 3226 571 3274 sibi
588 3243 647 3275 cum
663 3226 731 3276 ferro
747 3225 882 3275 imminere
893 3229 919 3275 n
930 3224 1033 3274 unieret
1047 3222 1201 3273 Heluidium

300 3309 456 3373 respondere
470 3310 533 3358 milii
545 3324 596 3360 oue.

333 3399 372 3439 6⁵
398 3394 428 3439 IS
453 3392 557 3441 lineum
576 3406 592 3441 a
612 3392 655 3449 (cl.
679 3406 716 3441 vr.
738 3394 778 3440 23.
800 3394 824 3446 2.
845 3394 871 3450 3)
894 3390 999 3438 rusculo
1016 3394 1042 3437 H
1063 3389 1165 3438 llnll'oni
1186 3402 1201 3438 ο

302 3473 400 3522 Rusoni
413 3488 431 3521 u
463 3476 497 3521 '2⁰
515 3474 667 3537 Verginium
679 3487 695 3522 o
707 3472 849 3537 Yergimnn
862 3486 879 3521 a
892 3472 1033 3536 uirgininm
1046 3471 1109 3520 Huf
