2950 4175
199 301 301 450 μω.
320 391 467 454 (vrum)
501 391 702 442 mmm
719 389 907 442 smucmn
1106 385 1154 434 ιη

249 558 345 618 eoque
359 536 419 597 esui
438 554 563 614 magnos
579 535 715 596 homines
734 550 767 596 et
785 537 933 615 sepientes
952 531 1057 592 uideri.
1099 529 1152 606 qui

248 655 286 696 an
299 633 404 711 magni
418 632 629 709 sapientesque
644 634 705 691 sint
719 635 826 703 noeeio,
842 633 977 692 homines
996 648 1056 688 non
1071 638 1149 685 sunt.

248 730 380 792 hominis
394 738 442 788 est
451 728 533 787 enim
543 727 630 786 adfici
644 729 755 800 dolore,
768 731 886 799 sentire,
898 729 1038 788 resistere
1049 733 1151 784 temen
1164 723 1182 777 4

248 834 279 887 et
293 826 405 886 solacia
417 824 589 895 admittere,
600 844 659 883 non
675 826 791 886 solaciis
804 847 864 886 non
875 846 970 905 egere
994 842 1101 884 uerum
1113 821 1152 879 de
1164 819 1182 874 5

224 937 237 990 5
247 923 294 982 his
302 922 393 1001 plura
406 921 534 980 fortasse
541 939 632 996 quam
640 921 740 993 debui,
750 924 803 982 sed
811 925 951 1001 pauciora
958 943 1049 1001 quem
1059 919 1150 979 uolui.

247 1028 295 1080 est
308 1019 391 1078 enim
405 1016 552 1095 quaedam
567 1018 659 1076 etiam
672 1019 794 1078 dolendi
812 1021 960 1098 uoluptas,
976 1019 1152 1098 praesertim

246 1115 424 1175 siinemici
443 1115 512 1173 sinu
531 1113 747 1193 deflecsepud
767 1136 857 1194 quem
877 1117 1007 1178 lacrimis
1026 1114 1152 1176 miscel

247 1212 313 1273 laus
327 1213 369 1271 sit
382 1219 489 1291 parata
501 1211 552 1270 uel
566 1213 662 1272 uenia
705 1213 779 1272 mle.

558 1521 628 1577 59.
662 1522 752 1583 (VIIL
770 1523 825 1583 20.)

209 1638 236 1676 ¹⁰
470 1637 500 1689 Q
521 1637 668 1688 PLmvs
683 1638 803 1689 GALID
819 1638 888 1690 SVO
904 1639 929 1690 S.

286 1755 339 1816 Ad
360 1774 439 1834 quae
460 1754 609 1816 noscenda
630 1757 688 1815 iter
704 1756 829 1836 ingredi,
848 1757 1054 1816 transmittere
1069 1757 1180 1816 merel

246 1853 387 1925 solemus,
403 1872 439 1913 ee
451 1852 508 1913 sub
522 1853 615 1913 oculis
631 1855 729 1932 posite
749 1853 941 1935 neglegimus,
957 1875 1010 1914 seu
1023 1855 1096 1933 quia
1109 1855 1153 1913 ita

246 1959 359 2012 natura
371 1959 579 2030 comparatum
598 1963 633 2010 ut
653 1952 857 2030 proximorum
878 1953 1018 2012 incuriosi
1038 1952 1152 2032 longin-

246 2070 308 2131 qua
343 2057 501 2123 sectemur,
531 2069 585 2110 seu
619 2050 699 2128 quod
737 2050 872 2111 omnium
907 2070 1006 2111 rerum
1042 2049 1152 2129 cupide

204 2158 233 2212 15
246 2148 423 2229 languescit,
449 2168 518 2208 cum
542 2147 636 2208 facilis
661 2149 782 2220 occasio,
806 2169 857 2208 seu
882 2148 963 2227 quod
985 2149 1151 2209 differimus

246 2253 393 2325 tanquam
420 2266 510 2325 saepe
537 2246 631 2305 uisuri
653 2245 735 2324 quod
762 2246 853 2305 detur
880 2245 983 2306 uidere
1010 2246 1151 2325 quotiens

246 2342 323 2405 uelis
336 2362 466 2404 cernere.
502 2363 689 2422 quacumque
703 2343 742 2402 de
756 2363 850 2413 erusa,
868 2343 1016 2421 permulta
1030 2344 1060 2402 in
1076 2343 1149 2401 urbe
1162 2351 1179 2406 2

246 2449 352 2501 nostra
365 2442 512 2519 iuxtaque
526 2441 632 2500 urbem
643 2461 703 2502 non
713 2439 902 2501 oculismodo
913 2441 965 2500 scd
981 2461 1018 2500 ne
1028 2440 1151 2499 auribus

246 2537 371 2618 quidem
395 2538 543 2609 nouimus,
559 2558 636 2616 quae
656 2540 679 2597 si
702 2538 821 2597 tulisset
843 2537 963 2608 Achaia,
980 2538 1148 2616 Aegyptus,

200 2635 322 2695 ”Asia
339 2635 437 2695 aliare
457 2634 610 2714 quaelibet
631 2627 840 2696 miraculorum
862 2636 944 2694 ferax
966 2633 1150 2694 commcnda-

246 2734 370 2812 trixque
383 2742 473 2805 terre,
489 2733 601 2801 audite
618 2733 755 2812 perlecta,
773 2732 897 2792 lustrata
913 2732 1098 2792 haberemus.

288 2830 357 2909 lpse
389 2843 472 2892 certe
499 2851 595 2910 nuper
622 2830 701 2909 quod
730 2851 783 2890 nec
813 2830 964 2889 audieram
997 2840 1069 2889 autc
1097 2838 1181 2893 nec3

247 2929 382 2990 uideram
407 2929 512 2989 audiui
536 2931 649 3008 pariter
674 2942 703 2988 ct
730 2929 800 2987 uidi.
844 2940 985 3008 exegerat
1013 2948 1151 3006 prosocer

247 3048 332 3088 meus
346 3037 382 3086 ut
400 3028 544 3086 Amerina
564 3026 683 3105 pmcdia
703 3047 755 3085 sua
773 3027 954 3104 inspiccrcrn.
999 3026 1070 3086 hacc
1088 3046 1150 3104 pcr-

200 3137 233 3191 25
246 3124 413 3186 ambulanti
443 3124 516 3184 mihi
544 3124 713 3184 ostenditur
740 3124 894 3183 subiacens
922 3123 1002 3183 lacus
1031 3124 1150 3183 neruine

249 3306 260 3353 1
279 3303 423 3368 sapienteis
434 3301 521 3351 uideri
531 3303 576 3366 qui
589 3318 621 3350 an
634 3304 719 3366 magni
732 3316 756 3358 c,
771 3317 818 3351 om.
833 3305 859 3350 Μ

280 3392 320 3433 80
343 3387 373 3433 15
389 3384 491 3433 occasio
503 3391 544 3434 est
555 3399 600 3431 scu
612 3397 629 3431 t
666 3385 693 3431 19
711 3386 848 3447 Aegyptus
865 3383 967 3445 nliuquc
984 3383 1114 3446 rprrnclilwl
1133 3398 1151 3434 e

245 3467 275 3515 ‘21
296 3467 462 3530 lustratuque
473 3478 491 3515 r,

692 3562 708 3596 u
