2950 4175
339 381 387 431 rso
544 379 572 432 e.
594 378 694 430 rum
711 378 855 432 cuneus
872 378 1027 432 suevum
1053 378 1106 436 ee.
1123 378 1183 442 me
1192 380 1236 444 su

336 526 481 587 miraeula
494 526 564 586 hino
577 525 648 586 inde
662 525 841 587 relemmtur.
884 545 991 606 magrm
1008 526 1123 587 auctori
1143 525 1234 587 fides:

336 625 458 685 tametsi
480 622 553 701 quid
574 628 680 702 poetae
700 643 768 684 cum
789 624 867 686 fidel
905 625 930 685 is
948 633 1047 684 tamen
1063 632 1169 685 auctor
1187 624 1235 685 eui

335 722 413 782 bene
428 721 477 781 uel
492 719 648 780 historiam
662 721 826 801 scripturus
839 722 1020 784 credidisses.

306 815 324 877 2
376 819 433 878 Est
454 819 484 878 in
500 817 604 879 Africa
624 817 827 898 Hipponensis
847 820 968 893 colonia,
988 819 1061 879 meri
1082 817 1235 898 proxima:

335 915 455 976 adiacet
478 916 505 976 ei
533 915 703 998 nauigabile
730 925 886 998 stagnum:
918 937 956 978 ex
979 917 1034 976 hoe
1057 915 1090 975 in
1113 913 1236 976 modum
1263 928 1277 983 5

270 1085 272 1089 y
337 1014 468 1073 fluminis
485 1014 668 1074 aestuarium
682 1014 816 1094 emergit,
833 1014 912 1094 quod
929 1014 993 1075 uice
1006 1012 1130 1086 alterna,
1146 1021 1237 1093 prout

335 1120 438 1172 aestus
458 1119 513 1171 aut
533 1112 676 1192 repressit
692 1121 748 1172 aut
764 1112 892 1192 impulit,
908 1131 987 1173 nuno
1004 1109 1133 1171 infertur
1150 1111 1235 1184 meri,

306 1209 324 1264 3
337 1229 417 1269 nune
431 1208 570 1270 redditur
582 1219 698 1291 stagno.
734 1211 831 1271 omnis
845 1210 892 1271 hic
906 1219 988 1270 aetas
1001 1206 1143 1290 piscandi,
1155 1209 1237 1269 naui-

335 1306 436 1388 gandi,
459 1314 552 1386 atque
574 1307 665 1368 ctiam
687 1307 811 1368 natandi
834 1306 934 1368 studio
955 1316 1083 1380 tenetur,
1105 1306 1237 1367 maxime

336 1405 429 1485 puen',
453 1424 528 1483 quos
550 1405 646 1466 etium
659 1405 811 1485 lususque
832 1404 981 1466 sollicitat.
1023 1403 1069 1464 his
1089 1402 1185 1485 gloria
1205 1412 1238 1464 et
1253 1420 1283 1460 ιο

336 1503 435 1563 uirtus
459 1502 604 1563 altissime
628 1502 752 1583 prouehi
763 1526 771 1578 ;
799 1502 896 1563 uictor
917 1501 967 1562 ille
988 1502 1040 1580 qui
1063 1501 1236 1583 longissime

305 1596 372 1660 4ut
393 1600 466 1661 litus
487 1599 531 1660 ita
551 1599 639 1661 simul
659 1609 798 1660 natantes
819 1599 949 1677 reliquit.
993 1599 1048 1660 heo
1073 1599 1237 1661 certamine

335 1716 411 1777 puer
424 1696 549 1775 quidam
568 1696 727 1758 audentior
747 1697 853 1758 ceteris
873 1697 905 1756 in
922 1696 1063 1758 ulteriora
1081 1696 1234 1759 tendebat

334 1793 497 1874 delphinus
514 1794 651 1867 decurrit,
667 1803 698 1854 et
718 1814 797 1855 nune
818 1793 991 1872 praecedere
1007 1814 1139 1875 puerum,
1156 1814 1236 1857 nune

334 1893 428 1971 sequi,
444 1912 525 1954 nunc
538 1891 701 1965 circumire,
716 1900 866 1971 postremo
886 1890 993 1964 subire,
1009 1891 1166 1972 deponere,
1181 1893 1236 1957 ite
1252 1906 1284 1960 ¹⁵

334 2010 402 2050 rum
417 1991 518 2052 subire
532 1988 792 2070 trepidantemque
806 1988 936 2069 perferre
950 1989 1078 2067 primum
1087 1990 1119 2050 in
1129 1988 1234 2064 altum,

334 2109 406 2150 mox
427 2089 524 2150 flectit
542 2085 582 2149 ad
606 2086 686 2162 litus,
705 2085 862 2166 redditque
884 2095 980 2148 terrae
1001 2097 1033 2148 ct
1052 2088 1233 2167 aequalibus.

304 2188 429 2268 dserpit
450 2206 505 2267 per
524 2185 671 2247 coloniam
692 2184 789 2245 fama:
814 2204 987 2246 concurrere
1006 2204 1117 2260 omnes,
1136 2186 1235 2266 ipsum

335 2304 462 2364 puerum
487 2293 631 2363 tanquam
660 2282 835 2343 miraculum
858 2282 1016 2362 adspicere,
1040 2283 1233 2365 interrogare,

333 2382 447 2455 audire,
471 2402 597 2443 narrare.
642 2391 762 2461 postero
785 2380 833 2440 die
858 2380 995 2441 obsident
1015 2382 1094 2455 litus,
1118 2402 1235 2464 prospe·
1250 2396 1284 2436 ao

333 2490 420 2542 etant
433 2500 515 2541 mare
529 2489 562 2540 et
577 2480 601 2540 si
617 2478 689 2559 quid
710 2488 758 2540 est
778 2480 851 2538 meri
867 2479 969 2539 simile.
1012 2488 1119 2540 natant
1131 2482 1234 2560 pueri:

333 2580 414 2639 inter
433 2579 488 2639 hos
504 2578 563 2651 ille,
579 2577 632 2638 sed
648 2579 772 2639 cautius.
816 2576 974 2658 delphinus
991 2598 1091 2639 rursus
1107 2578 1145 2640 ad
1163 2587 1235 2640 tem·

335 2696 398 2755 pus,
410 2675 560 2736 rursusod
572 2694 705 2755 puerum.
741 2676 821 2756 fugit
835 2675 885 2736 ille
896 2696 963 2737 cum
973 2676 1085 2737 ceteris.
1121 2676 1235 2757 delphi·

335 2795 399 2845 nus,
416 2774 501 2852 quasi
516 2773 635 2847 inuitet,
651 2785 777 2846 reuocet,
791 2774 898 2846 exsilit,
912 2775 1063 2854 mergitur,
1078 2775 1234 2853 uariosque

305 2872 422 2935 sortes
451 2871 611 2951 implicitet
640 2872 829 2952 expediteque.
892 2873 946 2932 hoc
974 2872 1068 2933 altero
1096 2871 1152 2946 die,
1178 2873 1234 2934 hoc
1249 2887 1280 2940 25

335 2971 435 3041 tertio,
457 2970 512 3030 hee
537 2969 681 3050 plmibus,
702 2970 796 3030 donee
817 2970 950 3030 homiues
975 2969 1137 3030 innutritos
1159 2972 1233 3031 muri

335 3069 450 3127 subiret
482 3068 607 3128 timendi
640 3068 743 3146 pudor.
786 3068 931 3128 secedunt
962 3080 990 3127 et
1023 3068 1173 3128 adludunt
1203 3080 1235 3129 ct

337 3215 470 3263 lnuetori
488 3227 523 3264 ou
541 3214 672 3263 sumtis·
705 3215 859 3271 deimmn.
878 3228 911 3264 ou
953 3230 982 3262 ex
1002 3214 1049 3263 lmc
1066 3214 1121 3264 tuf
1134 3214 1234 3279 quoda

338 3297 368 3346 l0
385 3296 508 3360 lususque
522 3295 650 3344 sollicitet
662 3309 696 3344 ou
710 3294 838 3359 ludusque
851 3296 982 3345 solicitant
994 3311 1011 3346 a
1047 3299 1075 3345 14
1092 3298 1206 3347 occurrit
1216 3311 1234 3347 ι

337 3378 449 3427 incurrit
467 3392 500 3427 ou
539 3378 567 3427 21
589 3378 873 3439 uiuri1umriuouueu.
892 3379 917 3425 s'u
935 3378 1001 3427 I'lu'l.
1024 3382 1081 3427 Asu
1103 3392 1163 3427 utu.
1184 3382 1232 3425 stu

335 3462 367 3509 ⁴2⁴
387 3461 484 3508 inuitet
495 3472 512 3507 a
524 3459 609 3507 inulte
620 3467 647 3507 et
659 3473 675 3509 ο
686 3460 781 3508 iuuitct
794 3468 821 3507 et
834 3475 850 3507 u
