2950 4175
275 383 332 441 45.
349 384 410 446 (VI.
423 386 466 446 16)
526 385 727 438 EPISTVLAE
747 388 938 442 summ
1152 393 1185 441 85

275 530 383 610 grmtio
403 549 474 589 oum
489 529 688 602 miseratione,
705 544 773 609 post
785 534 935 595 decimum
948 537 1057 596 mortis
1070 555 1184 595 annum

276 627 421 704 reliquias
457 626 685 704 neglectumque
720 631 847 690 cinerem
885 634 950 692 sino
983 634 1084 704 titulo,
1119 634 1185 692 sine

277 726 400 784 nomine
414 725 521 794 iacere,
536 726 620 783 euius
639 729 781 785 memoria
798 729 901 789 orbem
919 742 1070 790 terrarum
1087 731 1185 810 gloria

276 830 470 900 perungetur.
512 832 546 880 ot
566 821 616 880 ille
637 823 831 884 mandauerat
850 838 1031 905 eonor-atque
1051 840 1089 886 nt
1107 821 1214 887 diui-4

230 930 246 983 5
276 938 350 978 num
365 917 442 977 illud
455 928 487 977 et
500 918 669 976 immortale
680 919 791 978 facturn
806 923 942 982 uersibus
950 925 1183 984 inscriberetur:

331 1015 380 1075 hie
395 1016 473 1074 situs
486 1024 534 1074 est
548 1015 653 1085 Rufus,
669 1016 755 1092 pulso
768 1018 820 1093 qui
835 1017 961 1078 Vindioe
974 1021 1129 1098 quondam

401 1112 562 1190 imperium
576 1111 709 1171 adseruit
723 1133 781 1172 non
796 1115 853 1172 sibi
867 1115 921 1174 sed
935 1119 1058 1194 pat-riae.

275 1219 340 1270 tem
355 1229 424 1268 rara
437 1210 470 1268 in
483 1209 623 1268 amicitiis
642 1209 723 1280 fides,
739 1222 800 1268 tam
819 1220 924 1288 persta
944 1213 1057 1273 obliuio
1070 1212 1213 1274 mortu-5
1268 1218 1305 1237 ‘⁸

275 1326 365 1367 orum
388 1315 424 1366 ut
449 1306 508 1384 ipsi
531 1307 618 1366 nobis
642 1304 801 1365 debeamus
828 1308 918 1366 otiam
943 1309 1112 1370 eonditoria
1133 1331 1182 1370 ex-

232 1418 263 1453 10
275 1413 396 1466 sturere
414 1405 576 1482 omniaque
596 1404 737 1463 heredum
760 1405 853 1462 officia
871 1425 1067 1482 praesumere
1112 1406 1213 1468 mmo

275 1505 325 1564 eui
361 1523 423 1562 non
458 1514 506 1562 est
547 1503 711 1562 uerendum
745 1502 826 1580 quod
860 1502 998 1562 uidemus
1039 1507 1182 1566 accidisse

276 1601 448 1681 Verginio?
476 1601 562 1659 euius
584 1600 721 1659 iniuriam
746 1612 781 1658 ut
805 1598 1003 1678 indigniorem
1025 1603 1068 1660 sie
1090 1604 1181 1662 etiam

277 1700 427 1760 notiorem
443 1698 538 1776 ipsius
551 1697 669 1757 claritas
683 1697 761 1757 facit.
805 1697 879 1757 uale

614 2003 676 2058 ⁴45.
709 2003 769 2063 (VI.
790 1958 841 2062 lo..)

231 2132 262 2182 15
495 2120 525 2171 C.
547 2119 692 2170 PLINIVS
709 2118 839 2170 TACITO
855 2118 924 2170 SVO
941 2118 966 2170 S.

319 2253 404 2314 Petis
428 2263 465 2312 ut
492 2252 547 2311 tibi
575 2251 714 2312 auunculi
742 2253 800 2313 mei
821 2253 937 2313 exitum
958 2253 1095 2323 scribom,
1120 2256 1209 2330 quol

276 2353 381 2412 uerius
412 2349 531 2409 tradere
560 2351 685 2427 posteris
715 2353 809 2428 possis
859 2352 973 2431 gratias
1000 2371 1076 2430 ago:
1113 2371 1180 2408 nnnr

276 2449 369 2510 uideo
397 2449 487 2508 morti
516 2448 588 2519 eius,
618 2449 641 2507 si
674 2448 840 2509 celebretur
867 2470 885 2509 a
912 2460 951 2520 te,
982 2448 1181 2508 immortalem

276 2547 406 2628 gloriam
429 2565 493 2606 osse
516 2547 706 2624 propositam.
750 2547 887 2624 quamuis
914 2548 993 2607 enim
1021 2545 1212 2625 pulcherri2

229 2656 396 2705 ”morum
417 2642 501 2703 elude
523 2654 677 2716 terrarum,
698 2653 734 2704 ut
755 2645 865 2723 popuii,
890 2655 926 2704 ut
953 2645 1049 2714 urbes,
1074 2664 1181 2703 memo·

277 2742 365 2803 rabili
386 2761 455 2801 casu
475 2742 559 2819 quasi
580 2762 696 2820 semper
717 2743 851 2802 uicturus
873 2742 1022 2815 occiderit,
1044 2742 1182 2820 quamuis

278 2842 343 2918 ipse
369 2840 498 2918 plurimu
521 2860 610 2918 operer
635 2853 665 2899 et
691 2861 827 2899 nransuru
853 2841 1029 2912 condiderit,
1051 2840 1181 2899 multum

278 2955 382 2999 tumen
398 2939 592 3017 perpetuitati
609 2940 672 2999 eius
686 2942 863 3019 scriptorum
878 2951 998 3000 tuorum
1018 2940 1183 2999 aeternitas

277 3036 379 3096 addet.
423 3036 562 3113 equidem
579 3038 680 3098 beatos
697 3056 770 3117 puto
786 3040 895 3117 quibus
914 3039 1038 3099 deorum
1058 3041 1213 3097 muner-03

233 3140 265 3192 25
278 3134 384 3194 datum
404 3144 449 3194 est
466 3145 520 3194 nut
539 3136 634 3196 faeere
655 3137 808 3197 scribenda
826 3150 878 3197 aut
899 3138 1026 3197 seribere
1047 3135 1180 3217 legenda,

279 3232 468 3292 beatissimos
480 3253 552 3293 uero
566 3235 675 3313 quibus
689 3247 858 3315 utrumque.
896 3235 1002 3295 honrm
1013 3235 1044 3294 in
1057 3254 1183 3295 numero

278 3395 296 3444 ‘.’
312 3395 369 3444 sine
380 3395 462 3445 titulo
473 3400 525 3454 Ιι,
538 3413 586 3446 om.
599 3410 634 3447 οιι

311 3484 354 3525 46
372 3480 406 3528 2⁰
421 3477 495 3527 urbis
507 3477 640 3529 emman
