<?xml version="1.0" encoding="UTF-8"?>
<!DOCTYPE html PUBLIC "-//W3C//DTD XHTML 1.0 Transitional//EN"
    "http://www.w3.org/TR/xhtml1/DTD/xhtml1-transitional.dtd">
<html xmlns="http://www.w3.org/1999/xhtml" xml:lang="en" lang="en">
 <head>
  <title>
</title>
<meta http-equiv="Content-Type" content="text/html;charset=utf-8" />
  <meta name='ocr-system' content='tesseract 3.04.00' />
  <meta name='ocr-capabilities' content='ocr_page ocr_carea ocr_par ocr_line ocrx_word'/>
</head>
<body>
  <div class='ocr_page' id='page_1' title='image "./selectedletters01merrgoog_0095.png"; bbox 0 0 2950 4175; ppageno 0'>
   <div class='ocr_carea' id='block_1_1' title="bbox 217 464 224 521">
    <p class='ocr_par' dir='ltr' id='par_1_1' title="bbox 217 464 224 521">
     <span class='ocr_line' id='line_1_1' title="bbox 217 464 224 521; baseline 0 0"><span class='ocrx_word' id='word_1_1' title='bbox 217 464 224 521; x_wconf 88' lang='lat' dir='ltr'>l</span> 
     </span>
    </p>
   </div>
   <div class='ocr_carea' id='block_1_2' title="bbox 287 368 1197 439">
    <p class='ocr_par' dir='ltr' id='par_1_2' title="bbox 287 368 1197 439">
     <span class='ocr_line' id='line_1_2' title="bbox 287 368 1197 439; baseline 0 -13"><span class='ocrx_word' id='word_1_2' title='bbox 287 374 320 425; x_wconf 76' lang='lat'>88</span> <span class='ocrx_word' id='word_1_3' title='bbox 495 372 523 427; x_wconf 86' lang='lat' dir='ltr'>C.</span> <span class='ocrx_word' id='word_1_4' title='bbox 544 368 647 427; x_wconf 73' lang='lat' dir='ltr'>nunu</span> <span class='ocrx_word' id='word_1_5' title='bbox 664 368 811 427; x_wconf 75' lang='lat' dir='ltr'>eunom</span> <span class='ocrx_word' id='word_1_6' title='bbox 826 368 986 427; x_wconf 78' lang='lat' dir='ltr'>suevum</span> <span class='ocrx_word' id='word_1_7' title='bbox 1022 368 1077 433; x_wconf 61' lang='lat' dir='ltr'>ss.</span> <span class='ocrx_word' id='word_1_8' title='bbox 1093 368 1143 437; x_wconf 83' lang='lat'>(11.</span> <span class='ocrx_word' id='word_1_9' title='bbox 1154 374 1197 439; x_wconf 77' lang='grc'>14)</span> 
     </span>
    </p>
   </div>
   <div class='ocr_carea' id='block_1_3' title="bbox 216 518 1197 601">
    <p class='ocr_par' dir='ltr' id='par_1_3' title="bbox 216 496 1285 601">
     <span class='ocr_line' id='line_1_3' title="bbox 216 518 1197 601; baseline 0.003 -22"><span class='ocrx_word' id='word_1_10' title='bbox 216 530 258 566; x_wconf 55' lang='grc' dir='ltr'><em>ν</em></span> <span class='ocrx_word' id='word_1_11' title='bbox 288 528 406 580; x_wconf 87' lang='lat' dir='ltr'>constat</span> <span class='ocrx_word' id='word_1_12' title='bbox 428 530 463 580; x_wconf 88' lang='lat' dir='ltr'>ut</span> <span class='ocrx_word' id='word_1_13' title='bbox 485 520 525 579; x_wconf 89' lang='lat' dir='ltr'>sis</span> <span class='ocrx_word' id='word_1_14' title='bbox 553 518 776 581; x_wconf 65' lang='lat' dir='ltr'>disertissimus,</span> <span class='ocrx_word' id='word_1_15' title='bbox 826 518 883 583; x_wconf 86' lang='lat' dir='ltr'>hoc</span> <span class='ocrx_word' id='word_1_16' title='bbox 909 518 1008 601; x_wconf 87' lang='lat' dir='ltr'>pretio</span> <span class='ocrx_word' id='word_1_17' title='bbox 1028 518 1197 601; x_wconf 76' lang='lat' dir='ltr'>numlibet</span> 
     </span>
    </p>
   </div>
   <div class='ocr_carea' id='block_1_4' title="bbox 238 614 1281 3226">
    <p class='ocr_par' dir='ltr' id='par_1_4' title="bbox 238 614 1281 3226">
     <span class='ocr_line' id='line_1_4' title="bbox 288 614 1281 701; baseline 0.005 -24"><span class='ocrx_word' id='word_1_18' title='bbox 288 637 446 678; x_wconf 90' lang='lat' dir='ltr'>numerosa</span> <span class='ocrx_word' id='word_1_19' title='bbox 477 614 620 677; x_wconf 86' lang='lat' dir='ltr'>subsellia</span> <span class='ocrx_word' id='word_1_20' title='bbox 653 616 828 698; x_wconf 75' lang='lat' dir='ltr'>implentur,</span> <span class='ocrx_word' id='word_1_21' title='bbox 859 616 917 679; x_wconf 89' lang='lat' dir='ltr'>hoc</span> <span class='ocrx_word' id='word_1_22' title='bbox 944 616 1054 701; x_wconf 78' lang='lat' dir='ltr'>ingens</span> <span class='ocrx_word' id='word_1_23' title='bbox 1085 638 1197 681; x_wconf 86' lang='lat' dir='ltr'>enrona</span> <span class='ocrx_word' id='word_1_24' title='bbox 1277 654 1281 661; x_wconf 95' lang='lat'>·</span> 
     </span>
     <span class='ocr_line' id='line_1_5' title="bbox 287 712 1196 795; baseline 0.002 -20"><span class='ocrx_word' id='word_1_25' title='bbox 287 713 446 795; x_wconf 84' lang='lat' dir='ltr'>colligitur,</span> <span class='ocrx_word' id='word_1_26' title='bbox 473 713 529 773; x_wconf 90' lang='lat' dir='ltr'>hoe</span> <span class='ocrx_word' id='word_1_27' title='bbox 553 712 665 774; x_wconf 88' lang='lat' dir='ltr'>infiniti</span> <span class='ocrx_word' id='word_1_28' title='bbox 692 713 837 777; x_wconf 87' lang='lat' dir='ltr'>clemores</span> <span class='ocrx_word' id='word_1_29' title='bbox 863 723 1101 787; x_wconf 75' lang='lat' dir='ltr'>summoneatur,</span> <span class='ocrx_word' id='word_1_30' title='bbox 1126 736 1196 777; x_wconf 91' lang='lat' dir='ltr'>cum</span> 
     </span>
     <span class='ocr_line' id='line_1_6' title="bbox 257 803 1197 895; baseline 0.005 -25"><span class='ocrx_word' id='word_1_31' title='bbox 257 803 477 871; x_wconf 64' lang='lat' dir='ltr'>“mesochorus</span> <span class='ocrx_word' id='word_1_32' title='bbox 507 808 595 870; x_wconf 89' lang='lat' dir='ltr'>dedit</span> <span class='ocrx_word' id='word_1_33' title='bbox 628 809 766 891; x_wconf 80' lang='lat' dir='ltr'>siguum:</span> <span class='ocrx_word' id='word_1_34' title='bbox 804 832 880 893; x_wconf 90' lang='lat' dir='ltr'>opus</span> <span class='ocrx_word' id='word_1_35' title='bbox 908 820 957 875; x_wconf 90' lang='lat' dir='ltr'>est</span> <span class='ocrx_word' id='word_1_36' title='bbox 992 813 1075 873; x_wconf 89' lang='lat' dir='ltr'>enim</span> <span class='ocrx_word' id='word_1_37' title='bbox 1108 813 1197 895; x_wconf 79' lang='lat' dir='ltr'>signo</span> 
     </span>
     <span class='ocr_line' id='line_1_7' title="bbox 258 904 1244 989; baseline 0.007 -25"><span class='ocrx_word' id='word_1_38' title='bbox 258 906 369 987; x_wconf 86' lang='lat' dir='ltr'>8apud</span> <span class='ocrx_word' id='word_1_39' title='bbox 382 927 443 968; x_wconf 90' lang='lat' dir='ltr'>non</span> <span class='ocrx_word' id='word_1_40' title='bbox 463 904 684 987; x_wconf 81' lang='lat' dir='ltr'>intellegentes,</span> <span class='ocrx_word' id='word_1_41' title='bbox 706 926 747 968; x_wconf 91' lang='lat' dir='ltr'>ne</span> <span class='ocrx_word' id='word_1_42' title='bbox 764 907 923 971; x_wconf 75' lang='lat' dir='ltr'>audientes</span> <span class='ocrx_word' id='word_1_43' title='bbox 942 908 1085 989; x_wconf 87' lang='lat' dir='ltr'>quidem;</span> <span class='ocrx_word' id='word_1_44' title='bbox 1125 930 1197 971; x_wconf 77' lang='lat' dir='ltr'>nam</span> <span class='ocrx_word' id='word_1_45' title='bbox 1226 922 1244 982; x_wconf 83' lang='grc' dir='ltr'><strong>ς</strong></span> 
     </span>
     <span class='ocr_line' id='line_1_8' title="bbox 287 997 1194 1083; baseline 0.006 -24"><span class='ocrx_word' id='word_1_46' title='bbox 287 999 422 1080; x_wconf 86' lang='lat' dir='ltr'>plerique</span> <span class='ocrx_word' id='word_1_47' title='bbox 465 1019 526 1060; x_wconf 89' lang='lat' dir='ltr'>uon</span> <span class='ocrx_word' id='word_1_48' title='bbox 570 997 709 1073; x_wconf 82' lang='lat' dir='ltr'>audiunt,</span> <span class='ocrx_word' id='word_1_49' title='bbox 750 1020 806 1063; x_wconf 89' lang='lat' dir='ltr'>nee</span> <span class='ocrx_word' id='word_1_50' title='bbox 847 1000 903 1063; x_wconf 92' lang='lat' dir='ltr'>ulli</span> <span class='ocrx_word' id='word_1_51' title='bbox 930 1002 1026 1083; x_wconf 80' lang='lat' dir='ltr'>magis</span> <span class='ocrx_word' id='word_1_52' title='bbox 1058 1000 1194 1065; x_wconf 74' lang='lat' dir='ltr'>laudaut</span> 
     </span>
     <span class='ocr_line' id='line_1_9' title="bbox 287 1095 1197 1179; baseline 0.001 -21"><span class='ocrx_word' id='word_1_53' title='bbox 287 1095 450 1175; x_wconf 89' lang='lat' dir='ltr'>siquando</span> <span class='ocrx_word' id='word_1_54' title='bbox 473 1095 616 1157; x_wconf 76' lang='lat' dir='ltr'>transibis</span> <span class='ocrx_word' id='word_1_55' title='bbox 636 1116 691 1177; x_wconf 88' lang='lat' dir='ltr'>per</span> <span class='ocrx_word' id='word_1_56' title='bbox 710 1095 862 1159; x_wconf 67' lang='lat' dir='ltr'>buitim</span> <span class='ocrx_word' id='word_1_57' title='bbox 882 1105 915 1160; x_wconf 92' lang='lat' dir='ltr'>et</span> <span class='ocrx_word' id='word_1_58' title='bbox 935 1096 1018 1159; x_wconf 86' lang='lat' dir='ltr'>uoles</span> <span class='ocrx_word' id='word_1_59' title='bbox 1037 1098 1115 1161; x_wconf 84' lang='lat' dir='ltr'>seire</span> <span class='ocrx_word' id='word_1_60' title='bbox 1134 1118 1197 1179; x_wconf 92' lang='lat' dir='ltr'>quo</span> 
     </span>
     <span class='ocr_line' id='line_1_10' title="bbox 288 1192 1193 1275; baseline 0.004 -21"><span class='ocrx_word' id='word_1_61' title='bbox 288 1193 377 1255; x_wconf 90' lang='lat' dir='ltr'>modo</span> <span class='ocrx_word' id='word_1_62' title='bbox 390 1193 518 1272; x_wconf 89' lang='lat' dir='ltr'>quisque</span> <span class='ocrx_word' id='word_1_63' title='bbox 536 1193 626 1269; x_wconf 89' lang='lat' dir='ltr'>dieat,</span> <span class='ocrx_word' id='word_1_64' title='bbox 641 1192 718 1255; x_wconf 91' lang='lat' dir='ltr'>nihil</span> <span class='ocrx_word' id='word_1_65' title='bbox 739 1202 787 1255; x_wconf 86' lang='lat' dir='ltr'>est</span> <span class='ocrx_word' id='word_1_66' title='bbox 801 1194 883 1275; x_wconf 91' lang='lat' dir='ltr'>quod</span> <span class='ocrx_word' id='word_1_67' title='bbox 896 1194 1028 1256; x_wconf 85' lang='lat' dir='ltr'>tribunal</span> <span class='ocrx_word' id='word_1_68' title='bbox 1041 1195 1193 1270; x_wconf 74' lang='lat' dir='ltr'>ascendas,</span> 
     </span>
     <span class='ocr_line' id='line_1_11' title="bbox 287 1289 1196 1372; baseline 0.001 -20"><span class='ocrx_word' id='word_1_69' title='bbox 287 1290 362 1352; x_wconf 91' lang='lat' dir='ltr'>nihil</span> <span class='ocrx_word' id='word_1_70' title='bbox 384 1291 466 1371; x_wconf 93' lang='lat' dir='ltr'>quod</span> <span class='ocrx_word' id='word_1_71' title='bbox 484 1291 628 1372; x_wconf 76' lang='lat' dir='ltr'>praebens</span> <span class='ocrx_word' id='word_1_72' title='bbox 652 1312 757 1353; x_wconf 86' lang='lat' dir='ltr'>aurem</span> <span class='ocrx_word' id='word_1_73' title='bbox 768 1314 778 1366; x_wconf 90' lang='lat'>;</span> <span class='ocrx_word' id='word_1_74' title='bbox 804 1291 899 1353; x_wconf 78' lang='lat' dir='ltr'>facilis</span> <span class='ocrx_word' id='word_1_75' title='bbox 926 1289 1093 1355; x_wconf 84' lang='lat' dir='ltr'>diuinatio:</span> <span class='ocrx_word' id='word_1_76' title='bbox 1118 1292 1196 1355; x_wconf 90' lang='lat' dir='ltr'>seito</span> 
     </span>
     <span class='ocr_line' id='line_1_12' title="bbox 287 1388 1244 1470; baseline 0 -18"><span class='ocrx_word' id='word_1_77' title='bbox 287 1410 356 1452; x_wconf 91' lang='lat' dir='ltr'>eum</span> <span class='ocrx_word' id='word_1_78' title='bbox 370 1389 497 1469; x_wconf 89' lang='lat' dir='ltr'>pessime</span> <span class='ocrx_word' id='word_1_79' title='bbox 511 1388 611 1451; x_wconf 86' lang='lat' dir='ltr'>dicere</span> <span class='ocrx_word' id='word_1_80' title='bbox 624 1389 677 1470; x_wconf 92' lang='lat' dir='ltr'>qui</span> <span class='ocrx_word' id='word_1_81' title='bbox 692 1388 866 1451; x_wconf 71' lang='lat' dir='ltr'>laudabitur</span> <span class='ocrx_word' id='word_1_82' title='bbox 877 1388 1016 1451; x_wconf 85' lang='lat' dir='ltr'>maxime.</span> <span class='ocrx_word' id='word_1_83' title='bbox 1211 1412 1244 1453; x_wconf 86' lang='grc' dir='ltr'>ιο</span> 
     </span>
     <span class='ocr_line' id='line_1_13' title="bbox 258 1484 1196 1555; baseline 0.007 -13"><span class='ocrx_word' id='word_1_84' title='bbox 258 1484 275 1541; x_wconf 81' lang='grc'>9</span> <span class='ocrx_word' id='word_1_85' title='bbox 327 1487 447 1548; x_wconf 85' lang='lat' dir='ltr'>Primus</span> <span class='ocrx_word' id='word_1_86' title='bbox 483 1487 563 1549; x_wconf 89' lang='lat' dir='ltr'>hune</span> <span class='ocrx_word' id='word_1_87' title='bbox 595 1484 741 1549; x_wconf 84' lang='lat' dir='ltr'>audiendi</span> <span class='ocrx_word' id='word_1_88' title='bbox 774 1506 888 1549; x_wconf 89' lang='lat' dir='ltr'>morem</span> <span class='ocrx_word' id='word_1_89' title='bbox 918 1485 1041 1555; x_wconf 83' lang='lat' dir='ltr'>induxit</span> <span class='ocrx_word' id='word_1_90' title='bbox 1070 1486 1196 1549; x_wconf 74' lang='lat' dir='ltr'>lasciue</span> 
     </span>
     <span class='ocr_line' id='line_1_14' title="bbox 287 1583 1194 1667; baseline 0 -22"><span class='ocrx_word' id='word_1_91' title='bbox 287 1584 415 1659; x_wconf 81' lang='lat' dir='ltr'>Licinus,</span> <span class='ocrx_word' id='word_1_92' title='bbox 444 1584 591 1646; x_wconf 81' lang='lat' dir='ltr'>hactenus</span> <span class='ocrx_word' id='word_1_93' title='bbox 618 1593 720 1645; x_wconf 86' lang='lat' dir='ltr'>tamen</span> <span class='ocrx_word' id='word_1_94' title='bbox 749 1592 786 1645; x_wconf 87' lang='lat' dir='ltr'>ut</span> <span class='ocrx_word' id='word_1_95' title='bbox 816 1583 969 1646; x_wconf 81' lang='lat' dir='ltr'>auditores</span> <span class='ocrx_word' id='word_1_96' title='bbox 1002 1593 1194 1667; x_wconf 75' lang='lat' dir='ltr'>denegaret:</span> 
     </span>
     <span class='ocr_line' id='line_1_15' title="bbox 242 1680 1195 1768; baseline -0.004 -21"><span class='ocrx_word' id='word_1_97' title='bbox 242 1690 274 1747; x_wconf 90' lang='grc'>10</span> <span class='ocrx_word' id='word_1_98' title='bbox 287 1682 331 1742; x_wconf 91' lang='lat' dir='ltr'>ita</span> <span class='ocrx_word' id='word_1_99' title='bbox 357 1691 438 1743; x_wconf 86' lang='lat' dir='ltr'>certe</span> <span class='ocrx_word' id='word_1_100' title='bbox 463 1703 501 1742; x_wconf 87' lang='lat' dir='ltr'>cx</span> <span class='ocrx_word' id='word_1_101' title='bbox 526 1680 722 1756; x_wconf 80' lang='lat' dir='ltr'>Quintiliano,</span> <span class='ocrx_word' id='word_1_102' title='bbox 747 1690 938 1768; x_wconf 80' lang='lat' dir='ltr'>praeceptore</span> <span class='ocrx_word' id='word_1_103' title='bbox 969 1700 1044 1755; x_wconf 85' lang='lat' dir='ltr'>meo,</span> <span class='ocrx_word' id='word_1_104' title='bbox 1074 1682 1195 1743; x_wconf 79' lang='lat' dir='ltr'>audisse</span> 
     </span>
     <span class='ocr_line' id='line_1_16' title="bbox 286 1777 1193 1841; baseline -0.001 -1"><span class='ocrx_word' id='word_1_105' title='bbox 286 1779 417 1840; x_wconf 90' lang='lat' dir='ltr'>memini.</span> <span class='ocrx_word' id='word_1_106' title='bbox 456 1778 598 1839; x_wconf 84' lang='lat' dir='ltr'>nenabat</span> <span class='ocrx_word' id='word_1_107' title='bbox 611 1778 663 1839; x_wconf 89' lang='lat' dir='ltr'>ille</span> <span class='ocrx_word' id='word_1_108' title='bbox 678 1777 870 1841; x_wconf 77' lang='lat' dir='ltr'>‘adsectabar</span> <span class='ocrx_word' id='word_1_109' title='bbox 887 1777 1054 1839; x_wconf 87' lang='lat' dir='ltr'>Domitium</span> <span class='ocrx_word' id='word_1_110' title='bbox 1072 1778 1193 1841; x_wconf 85' lang='lat' dir='ltr'>Afrum:</span> 
     </span>
     <span class='ocr_line' id='line_1_17' title="bbox 286 1875 1241 1959; baseline -0.003 -22"><span class='ocrx_word' id='word_1_111' title='bbox 286 1896 355 1937; x_wconf 90' lang='lat' dir='ltr'>eum</span> <span class='ocrx_word' id='word_1_112' title='bbox 375 1876 456 1956; x_wconf 90' lang='lat' dir='ltr'>epud</span> <span class='ocrx_word' id='word_1_113' title='bbox 473 1875 677 1937; x_wconf 82' lang='lat' dir='ltr'>centumuiros</span> <span class='ocrx_word' id='word_1_114' title='bbox 697 1875 813 1937; x_wconf 68' lang='lat' dir='ltr'>dicerit</span> <span class='ocrx_word' id='word_1_115' title='bbox 830 1875 965 1959; x_wconf 60' lang='lat' dir='ltr'>maniter</span> <span class='ocrx_word' id='word_1_116' title='bbox 978 1884 1011 1938; x_wconf 91' lang='lat' dir='ltr'>et</span> <span class='ocrx_word' id='word_1_117' title='bbox 1027 1875 1110 1937; x_wconf 90' lang='lat' dir='ltr'>lente</span> <span class='ocrx_word' id='word_1_118' title='bbox 1124 1876 1195 1957; x_wconf 84' lang='lat' dir='ltr'>(hoe</span> <span class='ocrx_word' id='word_1_119' title='bbox 1210 1894 1241 1949; x_wconf 77' lang='grc' dir='ltr'>ις</span> 
     </span>
     <span class='ocr_line' id='line_1_18' title="bbox 286 1974 1194 2059; baseline -0.006 -19"><span class='ocrx_word' id='word_1_120' title='bbox 286 1978 366 2040; x_wconf 90' lang='lat' dir='ltr'>enim</span> <span class='ocrx_word' id='word_1_121' title='bbox 387 1978 432 2039; x_wconf 92' lang='lat' dir='ltr'>illi</span> <span class='ocrx_word' id='word_1_122' title='bbox 454 1977 582 2039; x_wconf 80' lang='lat' dir='ltr'>actionis</span> <span class='ocrx_word' id='word_1_123' title='bbox 601 1977 801 2059; x_wconf 71' lang='lat' dir='ltr'>gemeret),</span> <span class='ocrx_word' id='word_1_124' title='bbox 823 1975 910 2037; x_wconf 86' lang='lat' dir='ltr'>audit</span> <span class='ocrx_word' id='word_1_125' title='bbox 928 1995 968 2037; x_wconf 84' lang='lat' dir='ltr'>ex</span> <span class='ocrx_word' id='word_1_126' title='bbox 989 1974 1127 2056; x_wconf 86' lang='lat' dir='ltr'>proximo</span> <span class='ocrx_word' id='word_1_127' title='bbox 1140 1974 1194 2035; x_wconf 89' lang='lat' dir='ltr'>im-</span> 
     </span>
     <span class='ocr_line' id='line_1_19' title="bbox 286 2072 1189 2155; baseline -0.004 -18"><span class='ocrx_word' id='word_1_128' title='bbox 286 2075 435 2138; x_wconf 89' lang='lat' dir='ltr'>modicum</span> <span class='ocrx_word' id='word_1_129' title='bbox 447 2075 662 2155; x_wconf 89' lang='lat' dir='ltr'>insolitumque</span> <span class='ocrx_word' id='word_1_130' title='bbox 671 2074 840 2137; x_wconf 84' lang='lat' dir='ltr'>clamorem</span> <span class='ocrx_word' id='word_1_131' title='bbox 881 2072 1047 2134; x_wconf 82' lang='lat' dir='ltr'>admiratus</span> <span class='ocrx_word' id='word_1_132' title='bbox 1060 2072 1189 2134; x_wconf 86' lang='lat' dir='ltr'>reticuit.</span> 
     </span>
     <span class='ocr_line' id='line_1_20' title="bbox 286 2169 1189 2252; baseline -0.008 -18"><span class='ocrx_word' id='word_1_133' title='bbox 286 2173 338 2234; x_wconf 90' lang='lat' dir='ltr'>ubi</span> <span class='ocrx_word' id='word_1_134' title='bbox 367 2172 521 2234; x_wconf 87' lang='lat' dir='ltr'>silentium</span> <span class='ocrx_word' id='word_1_135' title='bbox 546 2172 661 2234; x_wconf 85' lang='lat' dir='ltr'>lactum</span> <span class='ocrx_word' id='word_1_136' title='bbox 688 2182 744 2246; x_wconf 87' lang='lat' dir='ltr'>est,</span> <span class='ocrx_word' id='word_1_137' title='bbox 774 2171 885 2252; x_wconf 90' lang='lat' dir='ltr'>repetit</span> <span class='ocrx_word' id='word_1_138' title='bbox 910 2169 993 2251; x_wconf 87' lang='lat' dir='ltr'>quod</span> <span class='ocrx_word' id='word_1_139' title='bbox 1019 2169 1189 2250; x_wconf 72' lang='lat' dir='ltr'>abruperat.</span> 
     </span>
     <span class='ocr_line' id='line_1_21' title="bbox 239 2265 1193 2348; baseline -0.007 -13"><span class='ocrx_word' id='word_1_140' title='bbox 239 2278 272 2336; x_wconf 93' lang='lat'>11</span> <span class='ocrx_word' id='word_1_141' title='bbox 285 2270 396 2331; x_wconf 86' lang='lat' dir='ltr'>iterum</span> <span class='ocrx_word' id='word_1_142' title='bbox 423 2270 543 2343; x_wconf 84' lang='lat' dir='ltr'>clamor,</span> <span class='ocrx_word' id='word_1_143' title='bbox 571 2270 684 2331; x_wconf 89' lang='lat' dir='ltr'>iterum</span> <span class='ocrx_word' id='word_1_144' title='bbox 718 2269 849 2342; x_wconf 79' lang='lat' dir='ltr'>reticuit,</span> <span class='ocrx_word' id='word_1_145' title='bbox 877 2276 909 2330; x_wconf 86' lang='lat' dir='ltr'>et</span> <span class='ocrx_word' id='word_1_146' title='bbox 936 2276 1004 2348; x_wconf 83' lang='lat' dir='ltr'>post</span> <span class='ocrx_word' id='word_1_147' title='bbox 1037 2265 1193 2329; x_wconf 88' lang='lat' dir='ltr'>silentium</span> 
     </span>
     <span class='ocr_line' id='line_1_22' title="bbox 285 2364 1239 2448; baseline -0.003 -19"><span class='ocrx_word' id='word_1_148' title='bbox 285 2368 384 2448; x_wconf 86' lang='lat' dir='ltr'>eoepit</span> <span class='ocrx_word' id='word_1_149' title='bbox 398 2367 477 2428; x_wconf 89' lang='lat' dir='ltr'>idem</span> <span class='ocrx_word' id='word_1_150' title='bbox 493 2368 592 2429; x_wconf 89' lang='lat' dir='ltr'>tertio.</span> <span class='ocrx_word' id='word_1_151' title='bbox 636 2367 799 2429; x_wconf 89' lang='lat' dir='ltr'>nouissime</span> <span class='ocrx_word' id='word_1_152' title='bbox 813 2367 881 2446; x_wconf 86' lang='lat' dir='ltr'>quis</span> <span class='ocrx_word' id='word_1_153' title='bbox 893 2365 1008 2427; x_wconf 89' lang='lat' dir='ltr'>diceret</span> <span class='ocrx_word' id='word_1_154' title='bbox 1022 2364 1192 2444; x_wconf 73' lang='lat' dir='ltr'>quaesiuit:</span> <span class='ocrx_word' id='word_1_155' title='bbox 1205 2387 1239 2426; x_wconf 81' lang='lat' dir='ltr'>eo</span> 
     </span>
     <span class='ocr_line' id='line_1_23' title="bbox 286 2447 1193 2543; baseline -0.003 -17"><span class='ocrx_word' id='word_1_156' title='bbox 286 2485 460 2543; x_wconf 87' lang='lat' dir='ltr'>responsum</span> <span class='ocrx_word' id='word_1_157' title='bbox 495 2472 543 2525; x_wconf 88' lang='lat' dir='ltr'>est</span> <span class='ocrx_word' id='word_1_158' title='bbox 578 2464 755 2527; x_wconf 86' lang='lat' dir='ltr'>“Licinus&#39;&#39;</span> <span class='ocrx_word' id='word_1_159' title='bbox 803 2474 869 2525; x_wconf 89' lang='lat' dir='ltr'>tum</span> <span class='ocrx_word' id='word_1_160' title='bbox 903 2462 1073 2524; x_wconf 86' lang='lat' dir='ltr'>intermissa</span> <span class='ocrx_word' id='word_1_161' title='bbox 1101 2447 1193 2524; x_wconf 72' lang='lat' dir='ltr'>causa</span> 
     </span>
     <span class='ocr_line' id='line_1_24' title="bbox 239 2556 1192 2642; baseline -0.001 -20"><span class='ocrx_word' id='word_1_162' title='bbox 239 2556 272 2613; x_wconf 77' lang='lat'>12</span> <span class='ocrx_word' id='word_1_163' title='bbox 287 2561 492 2622; x_wconf 87' lang='lat' dir='ltr'>“centumuiri</span> <span class='ocrx_word' id='word_1_164' title='bbox 503 2561 518 2585; x_wconf 85' lang='lat'>&#39;&#39;</span> <span class='ocrx_word' id='word_1_165' title='bbox 537 2561 645 2641; x_wconf 90' lang='lat' dir='ltr'>inquit,</span> <span class='ocrx_word' id='word_1_166' title='bbox 664 2561 747 2624; x_wconf 90' lang='lat' dir='ltr'>“hoo</span> <span class='ocrx_word' id='word_1_167' title='bbox 761 2561 920 2623; x_wconf 86' lang='lat' dir='ltr'>artificium</span> <span class='ocrx_word' id='word_1_168' title='bbox 935 2558 1069 2642; x_wconf 86' lang='lat' dir='ltr'>periit”&#39;</span> <span class='ocrx_word' id='word_1_169' title='bbox 1107 2559 1192 2640; x_wconf 90' lang='lat' dir='ltr'>quod</span> 
     </span>
     <span class='ocr_line' id='line_1_25' title="bbox 283 2655 1189 2739; baseline -0.002 -19"><span class='ocrx_word' id='word_1_170' title='bbox 283 2659 395 2737; x_wconf 88' lang='lat' dir='ltr'>alioqui</span> <span class='ocrx_word' id='word_1_171' title='bbox 414 2658 511 2738; x_wconf 90' lang='lat' dir='ltr'>perire</span> <span class='ocrx_word' id='word_1_172' title='bbox 529 2658 700 2739; x_wconf 77' lang='lat' dir='ltr'>incipiebat,</span> <span class='ocrx_word' id='word_1_173' title='bbox 715 2679 785 2720; x_wconf 90' lang='lat' dir='ltr'>cum</span> <span class='ocrx_word' id='word_1_174' title='bbox 804 2659 914 2739; x_wconf 91' lang='lat' dir='ltr'>perisse</span> <span class='ocrx_word' id='word_1_175' title='bbox 933 2657 1010 2720; x_wconf 80' lang='lat' dir='ltr'>Afro</span> <span class='ocrx_word' id='word_1_176' title='bbox 1026 2655 1189 2731; x_wconf 86' lang='lat' dir='ltr'>uideretur,</span> 
     </span>
     <span class='ocr_line' id='line_1_26' title="bbox 284 2754 1188 2835; baseline -0.001 -18"><span class='ocrx_word' id='word_1_177' title='bbox 284 2777 363 2817; x_wconf 92' lang='lat' dir='ltr'>nunc</span> <span class='ocrx_word' id='word_1_178' title='bbox 379 2776 450 2816; x_wconf 89' lang='lat' dir='ltr'>ucro</span> <span class='ocrx_word' id='word_1_179' title='bbox 471 2775 565 2835; x_wconf 90' lang='lat' dir='ltr'>prope</span> <span class='ocrx_word' id='word_1_180' title='bbox 580 2754 719 2817; x_wconf 74' lang='lat' dir='ltr'>funditus</span> <span class='ocrx_word' id='word_1_181' title='bbox 733 2755 915 2818; x_wconf 87' lang='lat' dir='ltr'>exstinctum</span> <span class='ocrx_word' id='word_1_182' title='bbox 930 2763 962 2817; x_wconf 89' lang='lat' dir='ltr'>et</span> <span class='ocrx_word' id='word_1_183' title='bbox 982 2775 1120 2816; x_wconf 90' lang='lat' dir='ltr'>euersum</span> <span class='ocrx_word' id='word_1_184' title='bbox 1134 2766 1188 2816; x_wconf 85' lang='lat' dir='ltr'>est.</span> 
     </span>
     <span class='ocr_line' id='line_1_27' title="bbox 284 2852 1235 2933; baseline -0.002 -21"><span class='ocrx_word' id='word_1_185' title='bbox 284 2855 378 2933; x_wconf 84' lang='lat' dir='ltr'>pudet</span> <span class='ocrx_word' id='word_1_186' title='bbox 393 2853 503 2913; x_wconf 87' lang='lat' dir='ltr'>rcfcrrc</span> <span class='ocrx_word' id='word_1_187' title='bbox 519 2873 596 2931; x_wconf 86' lang='lat' dir='ltr'>quae</span> <span class='ocrx_word' id='word_1_188' title='bbox 611 2873 701 2931; x_wconf 84' lang='lat' dir='ltr'>quam</span> <span class='ocrx_word' id='word_1_189' title='bbox 717 2853 814 2914; x_wconf 84' lang='lat' dir='ltr'>fracta</span> <span class='ocrx_word' id='word_1_190' title='bbox 835 2852 1079 2933; x_wconf 82' lang='lat' dir='ltr'>pronuntiatione</span> <span class='ocrx_word' id='word_1_191' title='bbox 1092 2852 1191 2913; x_wconf 88' lang='lat' dir='ltr'>dieen-</span> <span class='ocrx_word' id='word_1_192' title='bbox 1204 2869 1235 2925; x_wconf 80' lang='lat'>25</span> 
     </span>
     <span class='ocr_line' id='line_1_28' title="bbox 285 2950 1188 3031; baseline 0.001 -21"><span class='ocrx_word' id='word_1_193' title='bbox 285 2962 343 3022; x_wconf 84' lang='lat' dir='ltr'>tur,</span> <span class='ocrx_word' id='word_1_194' title='bbox 372 2951 481 3029; x_wconf 87' lang='lat' dir='ltr'>quibus</span> <span class='ocrx_word' id='word_1_195' title='bbox 515 2970 606 3029; x_wconf 78' lang='lat' dir='ltr'>qriam</span> <span class='ocrx_word' id='word_1_196' title='bbox 641 2950 753 3011; x_wconf 82' lang='lat' dir='ltr'>tenoris</span> <span class='ocrx_word' id='word_1_197' title='bbox 787 2951 965 3013; x_wconf 83' lang='lat' dir='ltr'>clamoribus</span> <span class='ocrx_word' id='word_1_198' title='bbox 992 2950 1188 3031; x_wconf 76' lang='lat' dir='ltr'>excipiantur.</span> 
     </span>
     <span class='ocr_line' id='line_1_29' title="bbox 238 3048 1191 3128; baseline -0.005 -15"><span class='ocrx_word' id='word_1_199' title='bbox 238 3056 271 3112; x_wconf 87' lang='lat'>13</span> <span class='ocrx_word' id='word_1_200' title='bbox 284 3049 405 3128; x_wconf 80' lang='lat' dir='ltr'>plausus</span> <span class='ocrx_word' id='word_1_201' title='bbox 430 3058 549 3107; x_wconf 88' lang='lat' dir='ltr'>tuntum</span> <span class='ocrx_word' id='word_1_202' title='bbox 574 3067 609 3108; x_wconf 89' lang='lat' dir='ltr'>ac</span> <span class='ocrx_word' id='word_1_203' title='bbox 630 3048 732 3126; x_wconf 89' lang='lat' dir='ltr'>potius</span> <span class='ocrx_word' id='word_1_204' title='bbox 753 3048 815 3108; x_wconf 86' lang='lat' dir='ltr'>sola</span> <span class='ocrx_word' id='word_1_205' title='bbox 835 3048 972 3127; x_wconf 85' lang='lat' dir='ltr'>cymbala</span> <span class='ocrx_word' id='word_1_206' title='bbox 992 3059 1024 3109; x_wconf 86' lang='lat' dir='ltr'>et</span> <span class='ocrx_word' id='word_1_207' title='bbox 1043 3058 1191 3128; x_wconf 79' lang='lat' dir='ltr'>tympana</span> 
     </span>
     <span class='ocr_line' id='line_1_30' title="bbox 284 3145 1190 3226; baseline 0.001 -20"><span class='ocrx_word' id='word_1_208' title='bbox 284 3145 343 3207; x_wconf 85' lang='lat' dir='ltr'>illis</span> <span class='ocrx_word' id='word_1_209' title='bbox 353 3146 476 3206; x_wconf 74' lang='lat' dir='ltr'>conticis</span> <span class='ocrx_word' id='word_1_210' title='bbox 490 3145 618 3205; x_wconf 87' lang='lat' dir='ltr'>dosunt:</span> <span class='ocrx_word' id='word_1_211' title='bbox 639 3145 774 3206; x_wconf 87' lang='lat' dir='ltr'>ululatus</span> <span class='ocrx_word' id='word_1_212' title='bbox 788 3145 910 3224; x_wconf 88' lang='lat' dir='ltr'>quidem</span> <span class='ocrx_word' id='word_1_213' title='bbox 919 3148 1028 3226; x_wconf 83' lang='lat' dir='ltr'>(neque</span> <span class='ocrx_word' id='word_1_214' title='bbox 1038 3146 1119 3206; x_wconf 89' lang='lat' dir='ltr'>enim</span> <span class='ocrx_word' id='word_1_215' title='bbox 1130 3145 1190 3207; x_wconf 88' lang='lat' dir='ltr'>elio</span> 
     </span>
    </p>
   </div>
   <div class='ocr_carea' id='block_1_5' title="bbox 285 3292 1190 3519">
    <p class='ocr_par' dir='ltr' id='par_1_5' title="bbox 285 3292 1190 3519">
     <span class='ocr_line' id='line_1_31' title="bbox 288 3292 1190 3358; baseline 0 -14"><span class='ocrx_word' id='word_1_216' title='bbox 288 3297 313 3345; x_wconf 85' lang='grc'>11</span> <span class='ocrx_word' id='word_1_217' title='bbox 336 3294 432 3343; x_wconf 90' lang='lat' dir='ltr'>larcius</span> <span class='ocrx_word' id='word_1_218' title='bbox 450 3297 504 3342; x_wconf 68' lang='lat' dir='ltr'>Bra</span> <span class='ocrx_word' id='word_1_219' title='bbox 521 3292 620 3358; x_wconf 80' lang='lat' dir='ltr'>largius</span> <span class='ocrx_word' id='word_1_220' title='bbox 637 3297 720 3343; x_wconf 70' lang='lat' dir='ltr'>Hvou</span> <span class='ocrx_word' id='word_1_221' title='bbox 755 3293 785 3342; x_wconf 79' lang='lat'>12</span> <span class='ocrx_word' id='word_1_222' title='bbox 804 3293 899 3344; x_wconf 84' lang='lat' dir='ltr'>licinus</span> <span class='ocrx_word' id='word_1_223' title='bbox 916 3298 963 3344; x_wconf 70' lang='lat' dir='ltr'>HV</span> <span class='ocrx_word' id='word_1_224' title='bbox 978 3293 1083 3344; x_wconf 86' lang='lat' dir='ltr'>licinius</span> <span class='ocrx_word' id='word_1_225' title='bbox 1100 3298 1190 3344; x_wconf 56' lang='lat' dir='ltr'>Brona</span> 
     </span>
     <span class='ocr_line' id='line_1_32' title="bbox 288 3374 1190 3426; baseline 0.001 -1"><span class='ocrx_word' id='word_1_226' title='bbox 288 3378 317 3426; x_wconf 70' lang='lat'>1³</span> <span class='ocrx_word' id='word_1_227' title='bbox 335 3376 378 3425; x_wconf 90' lang='lat' dir='ltr'>ubi</span> <span class='ocrx_word' id='word_1_228' title='bbox 395 3375 445 3425; x_wconf 89' lang='lat' dir='ltr'>sibi</span> <span class='ocrx_word' id='word_1_229' title='bbox 463 3374 599 3424; x_wconf 84' lang='lat' dir='ltr'>silentium</span> <span class='ocrx_word' id='word_1_230' title='bbox 615 3378 656 3424; x_wconf 69' lang='lat' dir='ltr'>lt?</span> <span class='ocrx_word' id='word_1_231' title='bbox 687 3375 718 3425; x_wconf 78' lang='lat'>21</span> <span class='ocrx_word' id='word_1_232' title='bbox 737 3374 833 3424; x_wconf 84' lang='lat' dir='ltr'>licinus</span> <span class='ocrx_word' id='word_1_233' title='bbox 849 3379 895 3424; x_wconf 69' lang='lat' dir='ltr'>HV</span> <span class='ocrx_word' id='word_1_234' title='bbox 912 3374 1016 3425; x_wconf 87' lang='lat' dir='ltr'>licinius</span> <span class='ocrx_word' id='word_1_235' title='bbox 1032 3390 1050 3425; x_wconf 80' lang='lat' dir='ltr'>a</span> <span class='ocrx_word' id='word_1_236' title='bbox 1066 3374 1190 3426; x_wconf 78' lang='lat' dir='ltr'>licentius</span> 
     </span>
     <span class='ocr_line' id='line_1_33' title="bbox 285 3456 808 3519; baseline -0.006 -11"><span class='ocrx_word' id='word_1_237' title='bbox 285 3463 356 3508; x_wconf 69' lang='lat' dir='ltr'>Brou</span> <span class='ocrx_word' id='word_1_238' title='bbox 389 3460 421 3508; x_wconf 78' lang='grc'>’26</span> <span class='ocrx_word' id='word_1_239' title='bbox 438 3456 653 3519; x_wconf 71' lang='lat' dir='ltr'>teneritheetris</span> <span class='ocrx_word' id='word_1_240' title='bbox 663 3456 808 3507; x_wconf 64' lang='lat' dir='ltr'>Mommsen</span> 
     </span>
    </p>
   </div>
   <div class='ocr_carea' id='block_1_6' title="bbox 0 0 1482 4175">
    <p class='ocr_par' dir='ltr' id='par_1_6' title="bbox 0 0 1482 4175">
     <span class='ocr_line' id='line_1_34' title="bbox 0 0 1482 4175; baseline 0 0"><span class='ocrx_word' id='word_1_241' title='bbox 0 0 1482 4175; x_wconf 95' lang='lat' dir='ltr'> </span> 
     </span>
    </p>
   </div>
  </div>
 </body>
</html>
