2950 4175
299 396 331 447 78
528 392 557 444 O.
578 392 679 443 PLINI
695 391 842 443 cauom
857 391 1016 444 suevum
1034 390 1087 448 38.
1104 390 1148 453 (V.
1161 392 1203 452 14)

299 553 418 619 tempus
430 538 596 616 Campania
610 550 664 597 tua
675 538 819 611 remittat,
832 558 871 598 ne
883 539 1039 616 quiscum
1053 540 1085 598 in
1099 537 1202 598 urbem

299 638 423 709 rediero,
440 635 639 696 contubernio
654 646 757 695 nostro
771 635 835 696 dios
849 646 960 715 pereat.
1003 636 1078 696 uale.

724 767 769 804 „aa

633 845 708 902 ‘aa
743 848 788 909 (v,
804 851 856 911 le.)

352 947 382 998 C.
403 945 553 996 PLINIVS
570 945 769 997 AEFVLANO
787 946 1024 1000 MARCELLINO
1042 945 1110 997 SVO
1126 945 1152 997 S.

268 1066 284 1122 1
338 1058 542 1118 Tristissimus
564 1057 638 1119 haee
658 1058 715 1118 tibi
736 1058 842 1132 seribo,
865 1057 1003 1118 Fundani
1025 1056 1121 1118 nostri
1142 1055 1206 1116 filia
1234 1072 1248 1124 5

298 1156 412 1216 minore
433 1155 586 1228 defuncta,
605 1176 666 1234 qua
686 1156 787 1236 puella
808 1156 882 1216 nihil
904 1176 1035 1234 unquam
1056 1154 1203 1225 festiuius‚

297 1252 464 1325 amabilius,
481 1272 535 1312 neo
549 1253 640 1313 modo
661 1254 796 1335 longiore
818 1254 883 1314 uita
902 1253 954 1314 aed
975 1272 1067 1333 prope
1087 1253 1206 1312 immor·

267 1358 284 1415 2
297 1350 416 1410 talitate
431 1350 554 1431 dignius
568 1351 641 1411 uidi.
684 1351 820 1413 nondum
830 1371 923 1412 annos
934 1366 1005 1411 xm.
1017 1351 1202 1430 impleuerat

297 1447 405 1508 etiam
420 1447 463 1507 illi
486 1449 574 1508 anilis
595 1448 765 1528 prudentia,
781 1448 956 1509 matronalis
976 1449 1109 1529 grauitas
1129 1459 1202 1521 erat,

297 1554 444 1606 ettamen
460 1547 595 1605 suauitas
615 1547 759 1624 puellaris
779 1567 848 1607 eum
861 1546 1002 1629 uirginali
1015 1546 1202 1607 uerecundia.
1221 1562 1251 1597 ¹0

267 1652 333 1710 3ut
356 1642 409 1702 illa
431 1644 527 1721 patris
550 1644 715 1703 ceruicibus
740 1638 933 1703 inhaerebat!
958 1651 994 1702 ut
1017 1663 1070 1703 nos
1094 1643 1204 1703 amieos

297 1749 438 1818 paternos
459 1751 491 1799 et
511 1752 649 1800 amanter
670 1751 700 1800 et
721 1740 856 1801 modeste
877 1739 1144 1820 complectebatur!
1168 1749 1204 1801 ut

297 1837 437 1908 nutrices,
468 1847 504 1896 ut
539 1837 736 1918 paedagogos,
766 1847 803 1897 ut
836 1847 1041 1918 praeeeptores
1068 1857 1122 1918 pro
1149 1857 1204 1898 suo

296 1952 446 2011 quemque
461 1934 558 1994 officio
572 1934 736 2016 diligebat!
754 1955 845 2014 quam
859 1934 1000 2008 studiose,
1015 1955 1105 2014 quam
1119 1935 1204 1996 intel·

296 2029 432 2112 legenter
454 2030 628 2092 lectitabat!
658 2042 694 2092 ut
718 2052 806 2113 poree
830 2032 1037 2112 eristoditeque
1061 2032 1202 2095 ludebat!
1220 2045 1249 2097 ¹5

296 2147 357 2206 qua
378 2129 430 2188 illa
452 2132 660 2209 temperantia,
684 2151 744 2209 qua
766 2131 922 2210 patientia,
944 2152 1004 2210 qua
1025 2132 1115 2192 etiem
1137 2152 1203 2194 oon-

266 2234 283 2289 4
296 2226 409 2285 stantia
424 2227 618 2286 nouissimam
634 2226 841 2287 ualetudinem
855 2227 945 2288 tulit!
984 2228 1105 2289 modieis
1122 2229 1203 2291 obse

296 2322 454 2399 quebatur,
470 2342 611 2394 sororem,
627 2335 744 2402 patrem
764 2324 988 2399 adhortabatur,
1004 2327 1157 2407 ipsamque
1171 2347 1202 2387 se

295 2418 475 2478 destitutam
497 2422 630 2499 eorporis
652 2421 768 2481 uiribus
789 2423 893 2503 uigore
913 2425 1004 2484 animi
1026 2425 1200 2484 sustinebat.

266 2515 419 2579 bdurauit
440 2517 489 2576 hie
510 2518 554 2576 illi
576 2538 670 2596 usque
694 2519 734 2580 ad
757 2530 933 2596 extremum,
956 2542 1010 2583 nee
1029 2532 1084 2583 aut
1105 2524 1202 2602 spatio
1216 2539 1249 2575 20

296 2615 480 2675 ualetudinis
501 2627 557 2675 aut
571 2626 653 2676 metu
673 2620 779 2678 mortis
801 2620 945 2681 infractus
960 2631 1012 2693 est,
1028 2640 1088 2699 quo
1102 2620 1202 2701 plures

294 2713 507 2792 grauioresque
530 2715 616 2774 nobis
637 2735 741 2776 causas
760 2717 943 2796 relinqueret
963 2729 994 2778 et
1014 2717 1153 2778 desiderii
1171 2729 1202 2778 et

266 2809 413 2873 fidoloris
458 2831 476 2868 o
496 2813 583 2871 triste
607 2813 694 2893 plane
716 2816 916 2895 acerbumque
937 2816 1043 2875 fiunis!
1069 2836 1086 2874 0
1105 2825 1201 2875 morte

294 2907 359 2986 ipsa
387 2909 492 2966 mortis
522 2923 641 2990 tempus
669 2912 841 2992 indignius!
874 2915 932 2973 iam
960 2913 1109 2972 destinata
1137 2924 1202 2973 erat

294 3004 415 3083 egregio
438 3006 548 3077 unicui,
573 3008 630 3066 iam
655 3008 768 3069 electus
788 3012 960 3090 nuptiarum
980 3010 1050 3081 ilice,
1069 3011 1127 3069 ium
1148 3031 1202 3071 nos
1215 3022 1246 3077 ²5

295 3101 402 3159 uocati.
447 3102 527 3178 (prod
544 3105 688 3183 gaudium
704 3128 764 3185 quo
779 3128 911 3168 maerore
926 3118 1073 3167 mutatum
1090 3114 1152 3167 est!

328 3238 368 3281 ³0
388 3235 403 3281 5
422 3232 476 3282 lilia
495 3235 594 3284 minore
613 3236 704 3295 (filiam
723 3239 795 3288 inore
812 3245 848 3299 Μ)
865 3246 909 3290 Ma
925 3239 978 3289 lilia
996 3242 1080 3289 minor
1095 3254 1129 3289 ou
1146 3239 1201 3289 filia

295 3311 380 3359 minor
389 3321 430 3360 est
442 3313 499 3359 cdd.
539 3317 554 3361 8
570 3327 630 3362 xm.
644 3315 660 3364 I
671 3316 733 3363 baeu
748 3317 853 3375 amitten,
861 3318 994 3380 sollerciup
1004 3319 1043 3366 tlte
1052 3318 1199 3380 i'uecaiptiou

294 3403 325 3436 ou
340 3388 527 3437 baronitatem
540 3390 607 3446 (0.1.
615 3391 644 3441 L.
654 3406 690 3440 vr.
705 3395 778 3441 ltsssl
796 3408 812 3441 v
827 3421 832 3430 ·
849 3410 883 3443 Α·
900 3409 939 3443 xn
955 3421 959 3429 ·
977 3409 995 3443 u
1012 3421 1016 3429 ·
1032 3409 1060 3443 xr
1075 3421 1080 3430 ·
1097 3409 1132 3444 n·
1149 3400 1200 3452 vu!

296 3477 368 3512 xlm.
385 3470 444 3514 hieu
456 3467 656 3529 (quatuordeeim
670 3482 686 3516 a
700 3470 855 3533 impleuerat
867 3477 928 3521 Mun
939 3473 1117 3535 expleueruto
