2950 4175
312 396 345 448 ee
522 393 552 447 o.
571 392 673 447 mnu
689 378 1013 449 ennemaseovnm
1028 394 1083 453 sn
1102 392 1221 457 (vtio

312 540 480 603 auunculus
494 559 577 601 meus
591 548 623 602 et
635 541 699 601 suis
711 539 797 603 libris
811 548 844 602 et
855 540 918 601 tuis
936 540 1003 602 erit.
1045 558 1109 621 quo
1126 538 1221 603 libeu-

314 640 374 700 tius
388 637 526 716 suscipio,
542 636 670 716 deposco
683 639 776 699 etiem
789 637 871 718 quod
884 638 1024 720 iniungis

237 777 247 793 ι
284 735 302 790 4
354 736 428 796 Erat
447 734 558 795 Miseni
579 733 761 816 classemque
780 736 907 817 imperio
925 754 1067 817 praesens
1084 734 1219 818 regebat

173 873 175 881 ·
189 852 217 883 w
239 858 242 865 ·
288 871 299 882 ·-
315 853 426 893 nonum
439 831 506 892 Kal
520 830 719 911 Septembres,
732 833 808 896 hore
821 834 883 895 fere
896 834 1031 915 septime,
1044 841 1143 895 meter
1152 852 1221 895 mee

315 929 428 991 indicet
442 929 469 989 ei
483 930 751 1017 apparere-nubem
766 932 912 993 inusitate
922 939 954 993 et
967 930 1179 1013 magnitudine
1188 938 1221 992 et
1252 937 1268 991 3

219 1018 239 1072 '2-
284 1025 419 1108 especie.
461 1046 534 1087 usus
547 1026 598 1089 illc
612 1026 682 1103 sole,
697 1048 770 1091 mox
790 1029 908 1110 frigide,
923 1036 1103 1111 gmteuent
1119 1028 1221 1091 eccm

315 1124 523 1203 studebatque.
567 1125 664 1204 poscit
685 1125 789 1201 soleas,
809 1125 946 1188 escendit
968 1124 1068 1188 locum
1094 1144 1221 1207 exque

314 1223 444 1283 menime
468 1221 644 1284 miraculum
671 1222 747 1285 illud
774 1224 905 1305 conspici
933 1232 1061 1305 poterut.
1112 1222 1218 1297 nnboe,

315 1320 461 1380 incertum
475 1319 578 1399 procul
592 1320 781 1382 intuentibus
790 1341 830 1383 cx
843 1340 904 1400 qno
916 1329 1021 1383 moute
1036 1320 1221 1401 (Vesuuium

316 1418 405 1478 luisse
419 1425 523 1497 postea
541 1417 696 1499 cognitum
714 1419 783 1499 est),
798 1417 959 1491 oriebatur,
974 1418 1060 1481 cuius
1081 1416 1221 1481 similitu·
1237 1424 1270 1463 ¹0

314 1515 416 1577 dinem
437 1524 468 1575 et
486 1514 612 1576 formem
629 1534 689 1577 non
709 1514 770 1576 elis
789 1516 885 1597 magis
904 1514 993 1577 orbor
1015 1534 1108 1595 quem
1128 1514 1220 1597 pinus

286 1613 502 1694 tlexpresserit
546 1632 615 1673 nem
638 1612 812 1693 longissimo
835 1612 921 1673 uelut
946 1620 1054 1673 trunco
1080 1612 1162 1673 elete
1186 1612 1220 1673 in

315 1712 410 1773 altum
433 1709 613 1789 quibusdem
640 1702 738 1770 remis
758 1708 990 1781 diffundebatur,
1018 1708 1118 1783 oredo,
1146 1709 1221 1789 quis

316 1810 428 1871 recenti
450 1809 560 1888 spiritu
582 1816 693 1881 euecta,
715 1806 786 1868 dein
811 1814 981 1868 senescente
1002 1826 1039 1869 eo
1059 1806 1218 1881 destitute,

315 1908 467 1969 autetiam
479 1904 610 1986 pondere
619 1926 673 1991 suo
684 1906 771 1979 uicta,
784 1905 816 1965 in
828 1903 1017 1966 latitudinem
1028 1904 1218 1980 uenescebet,
1237 1916 1249 1955 ¹
1252 1914 1267 1970 5

316 2004 442 2066 candide
451 2002 612 2076 interdum,
624 2002 776 2064 interilum
788 2001 908 2064 sordide
918 2012 949 2063 et
960 2002 1117 2075 maculosa,
1126 2010 1221 2083 prout

210 2171 212 2175 ,
317 2113 426 2166 terrem
440 2104 607 2164 cineremue
620 2100 789 2164 sustulerat

287 2206 306 2265 7
357 2202 501 2283 Magnum
530 2200 711 2281 propiusque
741 2199 930 2273 noscendum,
953 2206 989 2260 ut
1015 2199 1220 2262 emditissimo

317 2299 390 2372 uiro.
407 2298 514 2359 uisum.
549 2297 635 2359 iubet
649 2297 839 2358 Liburnicem
851 2296 965 2377 opteri:
982 2296 1065 2372 mihi,
1075 2297 1100 2358 si
1115 2297 1220 2358 uenire

267 2471 270 2475 λ
290 2431 292 2436 -
318 2418 377 2458 une
391 2396 507 2469 uellem,
524 2396 595 2457 iecit
608 2396 742 2475 copiam:
765 2393 903 2473 respondi
918 2392 1040 2455 studere
1057 2413 1106 2456 me
1119 2393 1218 2467 melle,
1234 2405 1267 2443 ω

289 2499 350 2557 tet
370 2495 447 2557 forte
467 2495 531 2575 ipse
552 2493 633 2573 quod
654 2492 812 2554 scriberem
834 2491 965 2553 dederet
1008 2489 1221 2574 egrediebetrr

318 2592 424 2654 domo:
455 2592 564 2671 accipit
588 2590 739 2653 codicillos
765 2590 908 2652 Rectinae
934 2587 1021 2652 Tasci
1047 2589 1219 2652 imminenti

319 2689 450 2771 periculo
463 2689 625 2751 exterritae
638 2689 720 2767 (nem
735 2687 808 2748 uilla
822 2687 884 2749 cius
898 2686 1077 2761 sublucebat,
1089 2705 1144 2750 nec
1156 2685 1221 2750 ulle

320 2916 334 2961 4
353 2927 448 2961 nonurn
497 2911 609 2975 septima
624 2914 650 2958 Μ
665 2926 760 2959 nonurn
779 2909 831 2959 Kll.
849 2908 903 2969 (Kl.
917 2912 946 2970 ιι)
960 2909 1024 2959 hore
1038 2908 1093 2959 lere
1106 2910 1221 2976 septime

320 3007 354 3043 οιι
365 3009 432 3042 nono
445 2991 504 3041 Kel.
519 2997 585 3057 sept.
597 2991 660 3041 horu
671 2992 724 3041 diei
736 2991 790 3041 icrc
802 2991 912 3056 septime
923 3004 940 3040 ι
952 2989 1101 3041 Nouember
1111 2989 1221 3042 cetmd’

321 3076 384 3124 liora
402 3074 456 3124 iere
474 3074 585 3139 septime
602 3087 617 3123 r
636 3074 677 3123 Kl.
697 3073 845 3123 noucmbris
863 3073 925 3123 hore
945 3072 999 3122 tere
1016 3071 1169 3138 septime?
1204 3073 1220 3122 5

322 3158 448 3207 inusitata
468 3161 504 3217 (·e
523 3160 552 3217 ιι)
571 3170 623 3208 oue
642 3156 806 3206 inuisitatum
824 3160 849 3205 m
884 3158 913 3205 lt
932 3154 994 3205 ‹lein
1014 3153 1221 3206 modoinum

327 3242 357 3289 15
378 3238 546 3289 latitudinem
569 3243 612 3287 ue
633 3238 800 3287 altitudinem
823 3251 857 3287 ou
899 3237 932 3287 22
953 3236 1080 3288 Rectinae
1102 3235 1220 3287 Nescia

323 3323 387 3371 recti
407 3322 506 3371 netusci
527 3327 552 3370 m
572 3322 622 3370 reti
641 3321 756 3369 niccmsci
776 3333 792 3368 o
812 3320 895 3369 retine
914 3320 979 3368 cesti
999 3332 1018 3368 ιι
1037 3319 1138 3368 rectius
1157 3320 1217 3379 (om.

322 3404 408 3463 Tasci)
420 3403 440 3454 f
450 3404 576 3454 Rectinae
591 3402 662 3452 Bessi
677 3406 717 3460 (or
728 3401 813 3452 Oeeeil
826 3400 916 3458 Bessi3
932 3400 965 3463 rs.
979 3400 1053 3451 κΙιοὶ.
1068 3399 1140 3451 Pers
1153 3400 1178 3452 θ.
1193 3402 1219 3461 1)

323 3485 391 3545 edd..
404 3491 454 3537 eto.
