<?xml version="1.0" encoding="UTF-8"?>
<!DOCTYPE html PUBLIC "-//W3C//DTD XHTML 1.0 Transitional//EN"
    "http://www.w3.org/TR/xhtml1/DTD/xhtml1-transitional.dtd">
<html xmlns="http://www.w3.org/1999/xhtml" xml:lang="en" lang="en">
 <head>
  <title>
</title>
<meta http-equiv="Content-Type" content="text/html;charset=utf-8" />
  <meta name='ocr-system' content='tesseract 3.04.00' />
  <meta name='ocr-capabilities' content='ocr_page ocr_carea ocr_par ocr_line ocrx_word'/>
</head>
<body>
  <div class='ocr_page' id='page_1' title='image "./selectedletters01merrgoog_0121.png"; bbox 0 0 2950 4175; ppageno 0'>
   <div class='ocr_carea' id='block_1_1' title="bbox 275 397 1189 461">
    <p class='ocr_par' dir='ltr' id='par_1_1' title="bbox 275 397 1189 461">
     <span class='ocr_line' id='line_1_1' title="bbox 275 397 1189 461; baseline 0.004 -11"><span class='ocrx_word' id='word_1_1' title='bbox 275 401 308 450; x_wconf 79' lang='grc'>64</span> <span class='ocrx_word' id='word_1_2' title='bbox 483 399 513 451; x_wconf 86' lang='lat' dir='ltr'>C.</span> <span class='ocrx_word' id='word_1_3' title='bbox 533 398 635 449; x_wconf 86' lang='lat' dir='ltr'>PLINI</span> <span class='ocrx_word' id='word_1_4' title='bbox 652 398 800 451; x_wconf 70' lang='lat' dir='ltr'>cenom</span> <span class='ocrx_word' id='word_1_5' title='bbox 817 397 977 450; x_wconf 68' lang='lat' dir='ltr'>suevum</span> <span class='ocrx_word' id='word_1_6' title='bbox 1008 398 1063 455; x_wconf 76' lang='lat'>31.</span> <span class='ocrx_word' id='word_1_7' title='bbox 1088 399 1189 461; x_wconf 73' lang='lat' dir='ltr'>(lut)</span> 
     </span>
    </p>
   </div>
   <div class='ocr_carea' id='block_1_2' title="bbox 246 544 1305 1202">
    <p class='ocr_par' dir='ltr' id='par_1_2' title="bbox 246 544 1305 1202">
     <span class='ocr_line' id='line_1_2' title="bbox 276 544 1305 655; baseline 0.002 -50"><span class='ocrx_word' id='word_1_8' title='bbox 276 545 425 617; x_wconf 86' lang='lat' dir='ltr'>uertisset,</span> <span class='ocrx_word' id='word_1_9' title='bbox 452 554 601 623; x_wconf 88' lang='lat' dir='ltr'>quantum</span> <span class='ocrx_word' id='word_1_10' title='bbox 630 545 702 604; x_wconf 93' lang='lat' dir='ltr'>boni</span> <span class='ocrx_word' id='word_1_11' title='bbox 729 546 846 605; x_wconf 91' lang='lat' dir='ltr'>efficere</span> <span class='ocrx_word' id='word_1_12' title='bbox 874 544 1042 625; x_wconf 72' lang='lat' dir='ltr'>potuisset!</span> <span class='ocrx_word' id='word_1_13' title='bbox 1095 565 1189 624; x_wconf 90' lang='lat' dir='ltr'>quan-</span> <span class='ocrx_word' id='word_1_14' title='bbox 1296 558 1305 655; x_wconf 74' lang='grc' dir='ltr'>Ἰ</span> 
     </span>
     <span class='ocr_line' id='line_1_3' title="bbox 275 642 1190 722; baseline 0.001 -19"><span class='ocrx_word' id='word_1_15' title='bbox 275 664 366 722; x_wconf 90' lang='lat' dir='ltr'>quam</span> <span class='ocrx_word' id='word_1_16' title='bbox 394 642 492 701; x_wconf 92' lang='lat' dir='ltr'>minor</span> <span class='ocrx_word' id='word_1_17' title='bbox 520 642 567 701; x_wconf 90' lang='lat' dir='ltr'>uis</span> <span class='ocrx_word' id='word_1_18' title='bbox 594 642 681 702; x_wconf 89' lang='lat' dir='ltr'>bonis</span> <span class='ocrx_word' id='word_1_19' title='bbox 708 663 800 721; x_wconf 90' lang='lat' dir='ltr'>quam</span> <span class='ocrx_word' id='word_1_20' title='bbox 829 643 916 704; x_wconf 91' lang='lat' dir='ltr'>malis</span> <span class='ocrx_word' id='word_1_21' title='bbox 939 644 1026 716; x_wconf 88' lang='lat' dir='ltr'>inest,</span> <span class='ocrx_word' id='word_1_22' title='bbox 1052 663 1088 704; x_wconf 90' lang='lat' dir='ltr'>ac</span> <span class='ocrx_word' id='word_1_23' title='bbox 1109 645 1190 704; x_wconf 89' lang='lat' dir='ltr'>sicut</span> 
     </span>
     <span class='ocr_line' id='line_1_4' title="bbox 276 737 1190 818; baseline 0.005 -21"><span class='ocrx_word' id='word_1_24' title='bbox 276 739 385 816; x_wconf 80' lang='grc' dir='ltr'>ἀμαθία</span> <span class='ocrx_word' id='word_1_25' title='bbox 398 738 450 816; x_wconf 78' lang='grc' dir='ltr'>μὲν</span> <span class='ocrx_word' id='word_1_26' title='bbox 465 737 581 815; x_wconf 74' lang='grc' dir='ltr'>θράσος,</span> <span class='ocrx_word' id='word_1_27' title='bbox 605 740 751 818; x_wconf 73' lang='grc' dir='ltr'>λογισμὸς</span> <span class='ocrx_word' id='word_1_28' title='bbox 771 739 800 797; x_wconf 75' lang='grc' dir='ltr'>δὲ</span> <span class='ocrx_word' id='word_1_29' title='bbox 821 740 909 798; x_wconf 86' lang='grc' dir='ltr'><strong><em>ὄκνον</em></strong></span> <span class='ocrx_word' id='word_1_30' title='bbox 929 739 1017 817; x_wconf 73' lang='grc' dir='ltr'>φέρει,</span> <span class='ocrx_word' id='word_1_31' title='bbox 1040 741 1085 801; x_wconf 81' lang='lat' dir='ltr'>ita</span> <span class='ocrx_word' id='word_1_32' title='bbox 1105 750 1190 802; x_wconf 75' lang='lat' dir='ltr'>recta</span> 
     </span>
     <span class='ocr_line' id='line_1_5' title="bbox 276 835 1190 919; baseline 0.002 -22"><span class='ocrx_word' id='word_1_33' title='bbox 276 837 397 918; x_wconf 84' lang='lat' dir='ltr'>ingenia</span> <span class='ocrx_word' id='word_1_34' title='bbox 436 835 578 895; x_wconf 88' lang='lat' dir='ltr'>debilitat</span> <span class='ocrx_word' id='word_1_35' title='bbox 613 837 802 911; x_wconf 71' lang='lat' dir='ltr'>uerecundia,</span> <span class='ocrx_word' id='word_1_36' title='bbox 846 858 990 919; x_wconf 88' lang='lat' dir='ltr'>peruersa</span> <span class='ocrx_word' id='word_1_37' title='bbox 1029 839 1190 899; x_wconf 84' lang='lat' dir='ltr'>confirmat</span> 
     </span>
     <span class='ocr_line' id='line_1_6' title="bbox 246 933 1235 1014; baseline 0.003 -21"><span class='ocrx_word' id='word_1_38' title='bbox 246 934 408 1003; x_wconf 88' lang='lat' dir='ltr'>4audaeia.</span> <span class='ocrx_word' id='word_1_39' title='bbox 452 933 591 1011; x_wconf 89' lang='lat' dir='ltr'>exemplo</span> <span class='ocrx_word' id='word_1_40' title='bbox 615 943 663 993; x_wconf 86' lang='lat' dir='ltr'>est</span> <span class='ocrx_word' id='word_1_41' title='bbox 687 934 832 1014; x_wconf 82' lang='lat' dir='ltr'><strong>Regulus.</strong></span> <span class='ocrx_word' id='word_1_42' title='bbox 884 934 1069 996; x_wconf 87' lang='lat' dir='ltr'>imbecillum</span> <span class='ocrx_word' id='word_1_43' title='bbox 1097 935 1188 1008; x_wconf 90' lang='lat' dir='ltr'>latus,</span> <span class='ocrx_word' id='word_1_44' title='bbox 1221 951 1235 1004; x_wconf 82' lang='lat'>5</span> 
     </span>
     <span class='ocr_line' id='line_1_7' title="bbox 275 1025 1189 1108; baseline 0.001 -21"><span class='ocrx_word' id='word_1_45' title='bbox 275 1047 309 1087; x_wconf 88' lang='lat' dir='ltr'>os</span> <span class='ocrx_word' id='word_1_46' title='bbox 333 1026 499 1097; x_wconf 77' lang='lat' dir='ltr'>confusum,</span> <span class='ocrx_word' id='word_1_47' title='bbox 526 1025 679 1086; x_wconf 76' lang='lat' dir='ltr'>haesitans</span> <span class='ocrx_word' id='word_1_48' title='bbox 701 1027 814 1108; x_wconf 84' lang='lat' dir='ltr'>lingua,</span> <span class='ocrx_word' id='word_1_49' title='bbox 839 1027 1013 1088; x_wconf 73' lang='lat' dir='ltr'>tardissima</span> <span class='ocrx_word' id='word_1_50' title='bbox 1039 1028 1189 1100; x_wconf 88' lang='lat' dir='ltr'>inuentio,</span> 
     </span>
     <span class='ocr_line' id='line_1_8' title="bbox 275 1117 1191 1202; baseline 0 -22"><span class='ocrx_word' id='word_1_51' title='bbox 275 1119 419 1180; x_wconf 91' lang='lat' dir='ltr'>memoria</span> <span class='ocrx_word' id='word_1_52' title='bbox 453 1117 544 1190; x_wconf 88' lang='lat' dir='ltr'>nulla,</span> <span class='ocrx_word' id='word_1_53' title='bbox 580 1119 657 1179; x_wconf 89' lang='lat' dir='ltr'>nihil</span> <span class='ocrx_word' id='word_1_54' title='bbox 698 1119 831 1198; x_wconf 91' lang='lat' dir='ltr'>denique</span> <span class='ocrx_word' id='word_1_55' title='bbox 874 1129 995 1200; x_wconf 89' lang='lat' dir='ltr'>praeter</span> <span class='ocrx_word' id='word_1_56' title='bbox 1031 1120 1191 1202; x_wconf 80' lang='lat' dir='ltr'>ingenium</span> 
     </span>
    </p>
   </div>
   <div class='ocr_carea' id='block_1_3' title="bbox 245 1216 1237 2569">
    <p class='ocr_par' dir='ltr' id='par_1_3' title="bbox 275 1216 1190 1298">
     <span class='ocr_line' id='line_1_9' title="bbox 275 1216 1190 1298; baseline 0.001 -21"><span class='ocrx_word' id='word_1_57' title='bbox 275 1218 413 1277; x_wconf 93' lang='lat' dir='ltr'>insanum</span> <span class='ocrx_word' id='word_1_58' title='bbox 425 1238 434 1291; x_wconf 91' lang='lat'>;</span> <span class='ocrx_word' id='word_1_59' title='bbox 454 1224 603 1276; x_wconf 87' lang='lat' dir='ltr'>ettamen</span> <span class='ocrx_word' id='word_1_60' title='bbox 617 1237 653 1277; x_wconf 92' lang='lat' dir='ltr'>eo</span> <span class='ocrx_word' id='word_1_61' title='bbox 673 1217 865 1296; x_wconf 89' lang='lat' dir='ltr'>impudentia</span> <span class='ocrx_word' id='word_1_62' title='bbox 884 1217 1010 1298; x_wconf 84' lang='lat' dir='ltr'>ipsoque</span> <span class='ocrx_word' id='word_1_63' title='bbox 1023 1216 1077 1278; x_wconf 89' lang='lat' dir='ltr'>illo</span> <span class='ocrx_word' id='word_1_64' title='bbox 1086 1216 1190 1278; x_wconf 84' lang='lat' dir='ltr'>lurore</span> 
     </span>
    </p>

    <p class='ocr_par' dir='ltr' id='par_1_4' title="bbox 246 1313 1237 1781">
     <span class='ocr_line' id='line_1_10' title="bbox 246 1313 1190 1395; baseline -0.001 -19"><span class='ocrx_word' id='word_1_65' title='bbox 246 1314 414 1395; x_wconf 85' lang='lat' dir='ltr'>5peruenit</span> <span class='ocrx_word' id='word_1_66' title='bbox 455 1323 491 1373; x_wconf 92' lang='lat' dir='ltr'>ut</span> <span class='ocrx_word' id='word_1_67' title='bbox 533 1323 635 1374; x_wconf 89' lang='lat' dir='ltr'>orator</span> <span class='ocrx_word' id='word_1_68' title='bbox 669 1314 827 1375; x_wconf 89' lang='lat' dir='ltr'>habeatur.</span> <span class='ocrx_word' id='word_1_69' title='bbox 883 1313 987 1393; x_wconf 85' lang='lat' dir='ltr'>itaque</span> <span class='ocrx_word' id='word_1_70' title='bbox 1015 1313 1190 1375; x_wconf 75' lang='lat' dir='ltr'>Herennius</span> 
     </span>
     <span class='ocr_line' id='line_1_11' title="bbox 275 1410 1237 1477; baseline 0.004 -5"><span class='ocrx_word' id='word_1_71' title='bbox 275 1411 398 1472; x_wconf 79' lang='lat' dir='ltr'>Senecio</span> <span class='ocrx_word' id='word_1_72' title='bbox 423 1411 546 1471; x_wconf 79' lang='lat' dir='ltr'>mirifice</span> <span class='ocrx_word' id='word_1_73' title='bbox 569 1410 693 1472; x_wconf 86' lang='lat' dir='ltr'>Catonis</span> <span class='ocrx_word' id='word_1_74' title='bbox 717 1411 794 1471; x_wconf 92' lang='lat' dir='ltr'>illud</span> <span class='ocrx_word' id='word_1_75' title='bbox 816 1411 855 1471; x_wconf 88' lang='lat' dir='ltr'>de</span> <span class='ocrx_word' id='word_1_76' title='bbox 878 1418 996 1470; x_wconf 88' lang='lat' dir='ltr'>oratore</span> <span class='ocrx_word' id='word_1_77' title='bbox 1014 1410 1047 1471; x_wconf 93' lang='lat' dir='ltr'>in</span> <span class='ocrx_word' id='word_1_78' title='bbox 1068 1410 1151 1472; x_wconf 91' lang='lat' dir='ltr'>hune</span> <span class='ocrx_word' id='word_1_79' title='bbox 1173 1433 1237 1477; x_wconf 73' lang='lat' dir='ltr'>ere</span> 
     </span>
     <span class='ocr_line' id='line_1_12' title="bbox 275 1506 1190 1570; baseline -0.002 0"><span class='ocrx_word' id='word_1_80' title='bbox 275 1509 425 1570; x_wconf 80' lang='lat' dir='ltr'>contrario</span> <span class='ocrx_word' id='word_1_81' title='bbox 453 1509 548 1568; x_wconf 89' lang='lat' dir='ltr'>uertit</span> <span class='ocrx_word' id='word_1_82' title='bbox 579 1515 696 1568; x_wconf 90' lang='lat' dir='ltr'>‘orator</span> <span class='ocrx_word' id='word_1_83' title='bbox 724 1517 771 1568; x_wconf 90' lang='lat' dir='ltr'>est</span> <span class='ocrx_word' id='word_1_84' title='bbox 796 1508 845 1567; x_wconf 89' lang='lat' dir='ltr'>uir</span> <span class='ocrx_word' id='word_1_85' title='bbox 868 1506 966 1567; x_wconf 88' lang='lat' dir='ltr'>malus</span> <span class='ocrx_word' id='word_1_86' title='bbox 989 1507 1110 1568; x_wconf 87' lang='lat' dir='ltr'>dicendi</span> <span class='ocrx_word' id='word_1_87' title='bbox 1136 1509 1190 1568; x_wconf 91' lang='lat' dir='ltr'>im-</span> 
     </span>
     <span class='ocr_line' id='line_1_13' title="bbox 275 1603 1189 1687; baseline 0 -21"><span class='ocrx_word' id='word_1_88' title='bbox 275 1605 408 1687; x_wconf 67' lang='lat' dir='ltr'>peritus!</span> <span class='ocrx_word' id='word_1_89' title='bbox 450 1626 509 1665; x_wconf 93' lang='lat' dir='ltr'>non</span> <span class='ocrx_word' id='word_1_90' title='bbox 525 1624 573 1664; x_wconf 90' lang='lat' dir='ltr'>me</span> <span class='ocrx_word' id='word_1_91' title='bbox 595 1603 715 1664; x_wconf 81' lang='lat' dir='ltr'>hercule</span> <span class='ocrx_word' id='word_1_92' title='bbox 737 1603 814 1665; x_wconf 85' lang='lat' dir='ltr'>Cato</span> <span class='ocrx_word' id='word_1_93' title='bbox 835 1604 899 1684; x_wconf 91' lang='lat' dir='ltr'>ipse</span> <span class='ocrx_word' id='word_1_94' title='bbox 914 1614 978 1665; x_wconf 89' lang='lat' dir='ltr'>tam</span> <span class='ocrx_word' id='word_1_95' title='bbox 989 1604 1066 1665; x_wconf 92' lang='lat' dir='ltr'>bene</span> <span class='ocrx_word' id='word_1_96' title='bbox 1080 1625 1189 1666; x_wconf 90' lang='lat' dir='ltr'>uerum</span> 
     </span>
     <span class='ocr_line' id='line_1_14' title="bbox 275 1700 931 1781; baseline -0.005 -17"><span class='ocrx_word' id='word_1_97' title='bbox 275 1714 424 1764; x_wconf 86' lang='lat' dir='ltr'>oratorem</span> <span class='ocrx_word' id='word_1_98' title='bbox 438 1723 529 1781; x_wconf 92' lang='lat' dir='ltr'>quam</span> <span class='ocrx_word' id='word_1_99' title='bbox 544 1702 592 1761; x_wconf 87' lang='lat' dir='ltr'>hic</span> <span class='ocrx_word' id='word_1_100' title='bbox 608 1700 759 1781; x_wconf 85' lang='lat' dir='ltr'>Regulum</span> <span class='ocrx_word' id='word_1_101' title='bbox 774 1701 931 1781; x_wconf 89' lang='lat' dir='ltr'>expressit.</span> 
     </span>
    </p>

    <p class='ocr_par' dir='ltr' id='par_1_5' title="bbox 245 1799 1234 2274">
     <span class='ocr_line' id='line_1_15' title="bbox 245 1799 1190 1880; baseline -0.003 -15"><span class='ocrx_word' id='word_1_102' title='bbox 245 1809 263 1866; x_wconf 79' lang='grc' dir='ltr'>ι</span> <span class='ocrx_word' id='word_1_103' title='bbox 315 1802 456 1863; x_wconf 78' lang='lat' dir='ltr'>Habesne</span> <span class='ocrx_word' id='word_1_104' title='bbox 470 1821 531 1879; x_wconf 91' lang='lat' dir='ltr'>quo</span> <span class='ocrx_word' id='word_1_105' title='bbox 546 1799 601 1860; x_wconf 86' lang='lat' dir='ltr'>tali</span> <span class='ocrx_word' id='word_1_106' title='bbox 616 1799 764 1877; x_wconf 74' lang='lat' dir='ltr'>epistulae</span> <span class='ocrx_word' id='word_1_107' title='bbox 786 1819 890 1879; x_wconf 89' lang='lat' dir='ltr'>parem</span> <span class='ocrx_word' id='word_1_108' title='bbox 911 1800 1041 1880; x_wconf 84' lang='lat' dir='ltr'>gratiam</span> <span class='ocrx_word' id='word_1_109' title='bbox 1055 1801 1190 1862; x_wconf 75' lang='lat' dir='ltr'>referasl</span> 
     </span>
     <span class='ocr_line' id='line_1_16' title="bbox 275 1897 1234 1978; baseline 0.002 -17"><span class='ocrx_word' id='word_1_110' title='bbox 275 1901 374 1972; x_wconf 88' lang='lat' dir='ltr'>habes,</span> <span class='ocrx_word' id='word_1_111' title='bbox 390 1900 415 1960; x_wconf 92' lang='lat' dir='ltr'>si</span> <span class='ocrx_word' id='word_1_112' title='bbox 430 1899 582 1978; x_wconf 77' lang='lat' dir='ltr'>scripseris</span> <span class='ocrx_word' id='word_1_113' title='bbox 599 1918 671 1957; x_wconf 90' lang='lat' dir='ltr'>num</span> <span class='ocrx_word' id='word_1_114' title='bbox 686 1897 795 1975; x_wconf 92' lang='lat' dir='ltr'>aliquis</span> <span class='ocrx_word' id='word_1_115' title='bbox 810 1898 842 1957; x_wconf 91' lang='lat' dir='ltr'>in</span> <span class='ocrx_word' id='word_1_116' title='bbox 857 1897 1020 1977; x_wconf 90' lang='lat' dir='ltr'>municipio</span> <span class='ocrx_word' id='word_1_117' title='bbox 1032 1908 1135 1959; x_wconf 89' lang='lat' dir='ltr'>uestro</span> <span class='ocrx_word' id='word_1_118' title='bbox 1149 1920 1188 1960; x_wconf 89' lang='lat' dir='ltr'>ex</span> <span class='ocrx_word' id='word_1_119' title='bbox 1205 1927 1215 1964; x_wconf 88' lang='grc' dir='ltr'>ι</span> <span class='ocrx_word' id='word_1_120' title='bbox 1220 1927 1234 1978; x_wconf 81' lang='lat'>5</span> 
     </span>
     <span class='ocr_line' id='line_1_17' title="bbox 274 1995 1187 2075; baseline -0.001 -17"><span class='ocrx_word' id='word_1_121' title='bbox 274 1997 426 2058; x_wconf 74' lang='lat' dir='ltr'>sodalibus</span> <span class='ocrx_word' id='word_1_122' title='bbox 446 1997 529 2069; x_wconf 87' lang='lat' dir='ltr'>meis,</span> <span class='ocrx_word' id='word_1_123' title='bbox 556 2015 630 2055; x_wconf 91' lang='lat' dir='ltr'>num</span> <span class='ocrx_word' id='word_1_124' title='bbox 653 1995 745 2055; x_wconf 90' lang='lat' dir='ltr'>etiam</span> <span class='ocrx_word' id='word_1_125' title='bbox 770 1995 834 2075; x_wconf 87' lang='lat' dir='ltr'>ipse</span> <span class='ocrx_word' id='word_1_126' title='bbox 856 2004 891 2055; x_wconf 91' lang='lat' dir='ltr'>tu</span> <span class='ocrx_word' id='word_1_127' title='bbox 913 1995 993 2055; x_wconf 93' lang='lat' dir='ltr'>hunc</span> <span class='ocrx_word' id='word_1_128' title='bbox 1015 1995 1187 2057; x_wconf 90' lang='lat' dir='ltr'>luctuosum</span> 
     </span>
     <span class='ocr_line' id='line_1_18' title="bbox 275 2093 1188 2178; baseline 0 -21"><span class='ocrx_word' id='word_1_129' title='bbox 275 2096 384 2178; x_wconf 83' lang='lat' dir='ltr'>Reguli</span> <span class='ocrx_word' id='word_1_130' title='bbox 408 2096 519 2156; x_wconf 91' lang='lat' dir='ltr'>librum</span> <span class='ocrx_word' id='word_1_131' title='bbox 545 2104 580 2154; x_wconf 92' lang='lat' dir='ltr'>ut</span> <span class='ocrx_word' id='word_1_132' title='bbox 603 2094 764 2155; x_wconf 74' lang='lat' dir='ltr'>circulator</span> <span class='ocrx_word' id='word_1_133' title='bbox 792 2094 824 2152; x_wconf 93' lang='lat' dir='ltr'>in</span> <span class='ocrx_word' id='word_1_134' title='bbox 847 2093 913 2154; x_wconf 86' lang='lat' dir='ltr'>foro</span> <span class='ocrx_word' id='word_1_135' title='bbox 938 2093 1054 2176; x_wconf 84' lang='lat' dir='ltr'>legeris,</span> <span class='ocrx_word' id='word_1_136' title='bbox 1082 2096 1188 2172; x_wconf 78' lang='grc' dir='ltr'>ἐπάρας</span> 
     </span>
     <span class='ocr_line' id='line_1_19' title="bbox 275 2189 1188 2274; baseline -0.002 -19"><span class='ocrx_word' id='word_1_137' title='bbox 275 2194 395 2268; x_wconf 88' lang='lat' dir='ltr'>scilicet,</span> <span class='ocrx_word' id='word_1_138' title='bbox 411 2203 447 2254; x_wconf 95' lang='lat' dir='ltr'>ut</span> <span class='ocrx_word' id='word_1_139' title='bbox 467 2195 512 2254; x_wconf 89' lang='lat' dir='ltr'>ait</span> <span class='ocrx_word' id='word_1_140' title='bbox 533 2193 763 2265; x_wconf 85' lang='lat' dir='ltr'>Demosthenes,</span> <span class='ocrx_word' id='word_1_141' title='bbox 786 2189 841 2268; x_wconf 81' lang='grc' dir='ltr'>τὴν</span> <span class='ocrx_word' id='word_1_142' title='bbox 864 2190 962 2269; x_wconf 69' lang='grc' dir='ltr'>φωνὴν</span> <span class='ocrx_word' id='word_1_143' title='bbox 986 2192 1034 2250; x_wconf 80' lang='grc' dir='ltr'>καὶ</span> <span class='ocrx_word' id='word_1_144' title='bbox 1058 2193 1188 2274; x_wconf 71' lang='grc' dir='ltr'>γεγηθὼς</span> 
     </span>
    </p>

    <p class='ocr_par' dir='ltr' id='par_1_6' title="bbox 245 2291 1233 2569">
     <span class='ocr_line' id='line_1_20' title="bbox 245 2291 1187 2372; baseline 0.003 -22"><span class='ocrx_word' id='word_1_145' title='bbox 245 2293 323 2358; x_wconf 68' lang='lat' dir='ltr'>‘leel</span> <span class='ocrx_word' id='word_1_146' title='bbox 353 2293 541 2372; x_wconf 80' lang='grc' dir='ltr'>λαρυγγίζων.</span> <span class='ocrx_word' id='word_1_147' title='bbox 599 2301 646 2351; x_wconf 91' lang='lat' dir='ltr'>cst</span> <span class='ocrx_word' id='word_1_148' title='bbox 673 2291 754 2351; x_wconf 93' lang='lat' dir='ltr'>enim</span> <span class='ocrx_word' id='word_1_149' title='bbox 783 2299 846 2351; x_wconf 89' lang='lat' dir='ltr'>tam</span> <span class='ocrx_word' id='word_1_150' title='bbox 881 2292 1002 2371; x_wconf 88' lang='lat' dir='ltr'>ineptus</span> <span class='ocrx_word' id='word_1_151' title='bbox 1030 2301 1065 2351; x_wconf 88' lang='lat' dir='ltr'>ut</span> <span class='ocrx_word' id='word_1_152' title='bbox 1093 2293 1187 2353; x_wconf 89' lang='lat' dir='ltr'>risum</span> 
     </span>
     <span class='ocr_line' id='line_1_21' title="bbox 277 2389 1233 2472; baseline -0.001 -21"><span class='ocrx_word' id='word_1_153' title='bbox 277 2392 371 2472; x_wconf 84' lang='lat' dir='ltr'>magis</span> <span class='ocrx_word' id='word_1_154' title='bbox 393 2392 487 2472; x_wconf 89' lang='lat' dir='ltr'>possit</span> <span class='ocrx_word' id='word_1_155' title='bbox 509 2392 676 2470; x_wconf 84' lang='lat' dir='ltr'>exprimere</span> <span class='ocrx_word' id='word_1_156' title='bbox 698 2410 789 2467; x_wconf 86' lang='lat' dir='ltr'>quam</span> <span class='ocrx_word' id='word_1_157' title='bbox 811 2389 975 2469; x_wconf 85' lang='lat' dir='ltr'>gemitum:</span> <span class='ocrx_word' id='word_1_158' title='bbox 1000 2390 1105 2450; x_wconf 89' lang='lat' dir='ltr'>credas</span> <span class='ocrx_word' id='word_1_159' title='bbox 1127 2411 1187 2451; x_wconf 92' lang='lat' dir='ltr'>non</span> <span class='ocrx_word' id='word_1_160' title='bbox 1200 2420 1233 2457; x_wconf 82' lang='lat'>20</span> 
     </span>
     <span class='ocr_line' id='line_1_22' title="bbox 278 2486 918 2569; baseline -0.009 -19"><span class='ocrx_word' id='word_1_161' title='bbox 278 2489 315 2549; x_wconf 92' lang='lat' dir='ltr'>de</span> <span class='ocrx_word' id='word_1_162' title='bbox 330 2509 423 2569; x_wconf 89' lang='lat' dir='ltr'>puero</span> <span class='ocrx_word' id='word_1_163' title='bbox 437 2489 583 2568; x_wconf 87' lang='lat' dir='ltr'>scriptum</span> <span class='ocrx_word' id='word_1_164' title='bbox 597 2487 650 2547; x_wconf 90' lang='lat' dir='ltr'>sed</span> <span class='ocrx_word' id='word_1_165' title='bbox 664 2507 683 2546; x_wconf 90' lang='lat' dir='ltr'>a</span> <span class='ocrx_word' id='word_1_166' title='bbox 697 2505 791 2566; x_wconf 90' lang='lat' dir='ltr'>puero</span> <span class='ocrx_word' id='word_1_167' title='bbox 843 2486 918 2545; x_wconf 89' lang='lat' dir='ltr'>uale.</span> 
     </span>
    </p>
   </div>
   <div class='ocr_carea' id='block_1_4' title="bbox 253 2777 1189 3120">
    <p class='ocr_par' dir='ltr' id='par_1_7' title="bbox 253 2777 1189 3120">
     <span class='ocr_line' id='line_1_23' title="bbox 623 2777 935 2850; baseline -0.019 -7"><span class='ocrx_word' id='word_1_168' title='bbox 623 2789 675 2844; x_wconf 80' lang='lat'>32.</span> <span class='ocrx_word' id='word_1_169' title='bbox 711 2788 771 2848; x_wconf 80' lang='lat' dir='ltr'>(lu.</span> <span class='ocrx_word' id='word_1_170' title='bbox 794 2789 846 2850; x_wconf 80' lang='grc' dir='ltr'>ιι.)</span> <span class='ocrx_word' id='word_1_171' title='bbox 893 2777 935 2837; x_wconf 51' lang='grc' dir='ltr'>ιι·</span> 
     </span>
     <span class='ocr_line' id='line_1_24' title="bbox 362 2903 1108 2959; baseline -0.004 -1"><span class='ocrx_word' id='word_1_172' title='bbox 362 2908 391 2959; x_wconf 83' lang='lat' dir='ltr'>C.</span> <span class='ocrx_word' id='word_1_173' title='bbox 412 2906 560 2958; x_wconf 85' lang='lat' dir='ltr'>PLINIVS</span> <span class='ocrx_word' id='word_1_174' title='bbox 577 2905 760 2957; x_wconf 77' lang='lat' dir='ltr'>CORNELIO</span> <span class='ocrx_word' id='word_1_175' title='bbox 780 2904 980 2957; x_wconf 76' lang='lat' dir='ltr'>MINICIANO</span> <span class='ocrx_word' id='word_1_176' title='bbox 997 2903 1066 2957; x_wconf 86' lang='lat' dir='ltr'>SVO</span> <span class='ocrx_word' id='word_1_177' title='bbox 1082 2905 1108 2956; x_wconf 87' lang='lat' dir='ltr'>S.</span> 
     </span>
     <span class='ocr_line' id='line_1_25' title="bbox 253 3040 1189 3120; baseline -0.004 -17"><span class='ocrx_word' id='word_1_178' title='bbox 253 3047 267 3103; x_wconf 90' lang='lat'>1</span> <span class='ocrx_word' id='word_1_179' title='bbox 323 3042 483 3102; x_wconf 81' lang='lat' dir='ltr'>Arulistinc</span> <span class='ocrx_word' id='word_1_180' title='bbox 499 3040 652 3100; x_wconf 75' lang='lat' dir='ltr'>Valerium</span> <span class='ocrx_word' id='word_1_181' title='bbox 674 3041 860 3101; x_wconf 85' lang='lat' dir='ltr'>Licinianum</span> <span class='ocrx_word' id='word_1_182' title='bbox 876 3043 907 3101; x_wconf 89' lang='lat' dir='ltr'>in</span> <span class='ocrx_word' id='word_1_183' title='bbox 922 3041 1022 3101; x_wconf 86' lang='lat' dir='ltr'>Sicilia</span> <span class='ocrx_word' id='word_1_184' title='bbox 1037 3042 1189 3120; x_wconf 83' lang='lat' dir='ltr'>profiteril</span> 
     </span>
    </p>
   </div>
   <div class='ocr_carea' id='block_1_5' title="bbox 282 3140 1232 3319">
    <p class='ocr_par' dir='ltr' id='par_1_8' title="bbox 282 3140 1232 3319">
     <span class='ocr_line' id='line_1_26' title="bbox 282 3140 1232 3217; baseline 0 -16"><span class='ocrx_word' id='word_1_185' title='bbox 282 3140 414 3201; x_wconf 82' lang='lat' dir='ltr'>nondum</span> <span class='ocrx_word' id='word_1_186' title='bbox 438 3151 467 3198; x_wconf 87' lang='lat' dir='ltr'>tc</span> <span class='ocrx_word' id='word_1_187' title='bbox 494 3151 567 3217; x_wconf 86' lang='lat' dir='ltr'>puto</span> <span class='ocrx_word' id='word_1_188' title='bbox 590 3140 726 3211; x_wconf 70' lang='lat' dir='ltr'>:arulissc3</span> <span class='ocrx_word' id='word_1_189' title='bbox 751 3151 798 3199; x_wconf 88' lang='lat' dir='ltr'>cst</span> <span class='ocrx_word' id='word_1_190' title='bbox 822 3140 901 3199; x_wconf 80' lang='lat' dir='ltr'>eninr</span> <span class='ocrx_word' id='word_1_191' title='bbox 928 3160 1028 3198; x_wconf 83' lang='lat' dir='ltr'>recens</span> <span class='ocrx_word' id='word_1_192' title='bbox 1053 3141 1185 3198; x_wconf 86' lang='lat' dir='ltr'>nuntius.</span> <span class='ocrx_word' id='word_1_193' title='bbox 1202 3166 1232 3216; x_wconf 86' lang='lat'>²5</span> 
     </span>
     <span class='ocr_line' id='line_1_27' title="bbox 283 3236 1186 3319; baseline -0.006 -21"><span class='ocrx_word' id='word_1_194' title='bbox 283 3237 448 3319; x_wconf 82' lang='lat' dir='ltr'>praetorius</span> <span class='ocrx_word' id='word_1_195' title='bbox 470 3236 517 3295; x_wconf 92' lang='lat' dir='ltr'>hic</span> <span class='ocrx_word' id='word_1_196' title='bbox 540 3237 629 3296; x_wconf 90' lang='lat' dir='ltr'>modo</span> <span class='ocrx_word' id='word_1_197' title='bbox 651 3238 730 3296; x_wconf 85' lang='lat' dir='ltr'>inter</span> <span class='ocrx_word' id='word_1_198' title='bbox 752 3237 1010 3315; x_wconf 77' lang='lat' dir='ltr'>eloquentissimos</span> <span class='ocrx_word' id='word_1_199' title='bbox 1031 3257 1186 3296; x_wconf 70' lang='lat' dir='ltr'>carinarum</span> 
     </span>
    </p>
   </div>
   <div class='ocr_carea' id='block_1_6' title="bbox 282 3399 1187 3547">
    <p class='ocr_par' dir='ltr' id='par_1_9' title="bbox 282 3399 1187 3547">
     <span class='ocr_line' id='line_1_28' title="bbox 282 3399 1187 3464; baseline -0.004 -14"><span class='ocrx_word' id='word_1_200' title='bbox 282 3403 299 3450; x_wconf 82' lang='lat'>9</span> <span class='ocrx_word' id='word_1_201' title='bbox 316 3408 347 3450; x_wconf 92' lang='lat' dir='ltr'>ut</span> <span class='ocrx_word' id='word_1_202' title='bbox 358 3406 447 3449; x_wconf 75' lang='lat' dir='ltr'>orator</span> <span class='ocrx_word' id='word_1_203' title='bbox 461 3404 509 3448; x_wconf 73' lang='lat' dir='ltr'>HV</span> <span class='ocrx_word' id='word_1_204' title='bbox 523 3406 553 3448; x_wconf 89' lang='lat' dir='ltr'>ut</span> <span class='ocrx_word' id='word_1_205' title='bbox 568 3400 688 3464; x_wconf 88' lang='lat' dir='ltr'>plurimis</span> <span class='ocrx_word' id='word_1_206' title='bbox 703 3406 793 3448; x_wconf 83' lang='lat' dir='ltr'>orator</span> <span class='ocrx_word' id='word_1_207' title='bbox 806 3404 877 3449; x_wconf 67' lang='lat' dir='ltr'>Brou</span> <span class='ocrx_word' id='word_1_208' title='bbox 890 3407 920 3448; x_wconf 88' lang='lat' dir='ltr'>ut</span> <span class='ocrx_word' id='word_1_209' title='bbox 934 3416 950 3449; x_wconf 90' lang='lat' dir='ltr'>a</span> <span class='ocrx_word' id='word_1_210' title='bbox 964 3399 1084 3464; x_wconf 85' lang='lat' dir='ltr'>plurimis</span> <span class='ocrx_word' id='word_1_211' title='bbox 1098 3406 1187 3447; x_wconf 81' lang='lat' dir='ltr'>orator</span> 
     </span>
     <span class='ocr_line' id='line_1_29' title="bbox 283 3482 800 3547; baseline -0.008 -14"><span class='ocrx_word' id='word_1_212' title='bbox 283 3497 300 3533; x_wconf 84' lang='grc' dir='ltr'>ιι</span> <span class='ocrx_word' id='word_1_213' title='bbox 331 3484 360 3532; x_wconf 83' lang='grc'>19</span> <span class='ocrx_word' id='word_1_214' title='bbox 373 3483 453 3531; x_wconf 87' lang='lat' dir='ltr'>risum</span> <span class='ocrx_word' id='word_1_215' title='bbox 499 3482 533 3530; x_wconf 60' lang='lat' dir='ltr'>&amp;l</span> <span class='ocrx_word' id='word_1_216' title='bbox 550 3483 676 3547; x_wconf 79' lang='lat' dir='ltr'>gemitum</span> <span class='ocrx_word' id='word_1_217' title='bbox 689 3498 737 3530; x_wconf 79' lang='lat' dir='ltr'>orn.</span> <span class='ocrx_word' id='word_1_218' title='bbox 753 3485 800 3529; x_wconf 74' lang='lat' dir='ltr'>MV</span> 
     </span>
    </p>
   </div>
   <div class='ocr_carea' id='block_1_7' title="bbox 0 0 1482 4175">
    <p class='ocr_par' dir='ltr' id='par_1_10' title="bbox 0 0 1482 4175">
     <span class='ocr_line' id='line_1_30' title="bbox 0 0 1482 4175; baseline 0 0"><span class='ocrx_word' id='word_1_219' title='bbox 0 0 1482 4175; x_wconf 95' lang='lat' dir='ltr'> </span> 
     </span>
    </p>
   </div>
  </div>
 </body>
</html>
