2950 4175
333 384 384 440 04.
402 343 515 444 (1103)
582 382 779 432 EPISTVLAE
796 383 986 435 SELECTAE.
1188 386 1235 434 123

330 527 435 590 consul
462 526 643 605 designatus,
672 525 747 584 dicit
774 526 926 586 Fabricius
954 527 1092 599 Veiento
1122 527 1234 587 Fabius

329 624 524 694 Maximinus,
547 621 668 681 Vettius
689 622 839 694 Proculus,
864 625 976 702 collega
1004 625 1121 685 Publici
1150 624 1234 685 Certi

328 722 366 783 de
380 740 441 799 quo
450 721 604 800 agebatur,
615 720 716 777 uxoris
727 739 809 778 meae
823 740 913 796 quam
927 723 1085 783 amiseram
1097 724 1231 795 uitricus,

327 827 398 896 post
411 816 467 876 hos
480 816 619 874 Ammius
633 813 760 873 Flaccus
805 835 908 876 omnes
923 817 1049 878 Certum
1066 819 1201 879 nondum
1214 841 1234 878 a

300 927 376 980 sme
397 913 585 973 nominatum
607 920 641 968 ut
661 912 847 970 nominatum
867 912 1043 987 defendunt,
1059 917 1232 994 crimenque

326 1009 414 1088 quasi
429 1009 462 1067 in
476 1007 575 1068 medio
592 1006 727 1067 relictum
746 1007 917 1069 defensione
936 1011 1111 1090 suscipiunt.
1154 1033 1232 1091 quae
1245 1017 1278 1072 14

326 1113 483 1185 praeterea
500 1104 634 1165 dixerint
652 1125 713 1165 non
731 1115 777 1165 est
796 1125 914 1166 necesse
936 1127 1075 1169 narrare:
1096 1110 1128 1168 in
1147 1108 1232 1170 libris

326 1203 438 1277 habes3
457 1222 525 1262 sum
539 1202 618 1262 enim
633 1216 738 1262 cuncta
752 1204 884 1282 ipsorum
899 1204 999 1264 uerbis
1013 1214 1195 1283 persecutus.

367 1299 483 1361 Dicunt
496 1309 602 1360 contra
612 1300 740 1359 Auidius
755 1299 888 1373 Quietus,
899 1299 1053 1361 Cornutus
1063 1301 1231 1362 Tertullus:
1245 1313 1278 1369 15

282 1420 315 1458 10
326 1397 464 1473 Quietus,
486 1397 704 1476 iniquissimum
732 1417 795 1457 esse
822 1399 958 1476 querelas
985 1397 1155 1459 dolentium
1183 1419 1232 1459 ex·
1277 1409 1285 1418 “

325 1495 416 1568 cludi,
442 1495 569 1574 ideoque
593 1496 698 1554 Arriae
720 1506 751 1554 et
779 1494 910 1555 Fanniae
931 1497 978 1555 ius
998 1497 1145 1575 querendi
1171 1517 1231 1556 non

325 1594 531 1667 auferendum,
548 1613 602 1654 nec
622 1595 764 1653 interesse
785 1595 869 1654 cuius
890 1594 1004 1654 ordinis
1024 1595 1093 1672 quis
1114 1596 1162 1668 sit,
1178 1595 1230 1656 sed

325 1714 417 1774 quam
428 1713 548 1753 causam
562 1692 667 1752 habeat
681 1717 686 1750 :
702 1693 860 1764 Cornutus,
871 1693 976 1752 datum
987 1713 1019 1753 se
1031 1714 1049 1752 a
1059 1693 1231 1753 consulibus
1244 1702 1278 1759 16

326 1800 460 1853 tutorem
474 1790 598 1851 Heluidi
613 1791 689 1850 filiae
703 1791 875 1869 petentibus
886 1801 981 1851 matre
993 1791 1057 1851 eius
1067 1801 1099 1852 et
1109 1791 1232 1865 uitrico,

283 1903 312 1957 ις
326 1910 407 1950 nunc
423 1908 543 1969 quoque
557 1909 616 1948 non
637 1889 783 1948 sustinere
800 1888 936 1949 deserere
950 1889 1037 1949 officii
1054 1890 1100 1948 sui
1120 1899 1228 1967 partes,

326 1987 359 2048 in
377 2007 438 2067 quo
452 1995 553 2047 tamen
564 1994 595 2046 et
613 2006 667 2045 suo
677 1985 774 2046 dolori
788 1986 909 2047 modum
932 1988 1084 2066 imponere
1103 1996 1135 2047 et
1156 1986 1231 2064 opti·

327 2106 443 2147 marum
459 2085 635 2146 feminarum
650 2085 779 2164 perferre
794 2085 1045 2145 modestissimum
1059 2084 1231 2159 adlectum;

327 2204 402 2264 quas
418 2191 575 2245 contentas
594 2204 657 2243 esse
676 2182 836 2243 admonere
852 2194 990 2243 senatum
1009 2183 1127 2244 Publici
1147 2182 1230 2242 Certi

328 2294 469 2342 cruentae
487 2280 668 2340 adulationis
685 2291 716 2340 et
734 2291 844 2359 pctore,
861 2282 884 2339 si
905 2301 1001 2359 poena
1015 2280 1121 2359 flagitii
1139 2279 1230 2338 mani-

281 2380 480 2439 aofestissimi
502 2379 680 2445 remittatur,
705 2391 774 2437 nota
800 2389 879 2438 certe
903 2380 987 2457 quasi
1013 2379 1146 2438 censoria
1168 2379 1231 2436 inn-

327 2485 419 2537 ratur.
456 2486 521 2535 tum
534 2475 649 2534 Satrius
665 2475 759 2535 llulus
774 2476 873 2535 medio
882 2477 1082 2555 ambiguoque
1093 2496 1230 2536 sermone
1243 2482 1276 2538 17

329 2577 436 2654 ‘puto'
450 2573 549 2651 inquit
565 2574 719 2632 ‘iniuriam
734 2573 842 2633 frictam
858 2573 993 2634 Publicio
1008 2574 1107 2646 Certo,
1124 2575 1148 2633 si
1170 2594 1229 2633 uon

326 2671 506 2731 absoluitur:
521 2671 690 2729 nominatus
701 2680 748 2730 est
760 2672 799 2730 ab
808 2671 910 2730 amicis
925 2672 1030 2731 Arriae
1041 2680 1073 2732 et
1087 2671 1227 2743 Fanniae,

327 2770 499 2828 nominatus
513 2769 551 2827 ab
565 2770 665 2827 aulicis
679 2770 748 2828 suis.
792 2790 843 2828 nec
858 2768 1001 2829 debemus
1016 2770 1136 2830 solliciti
1152 2791 1230 2843 csso;

281 2887 313 2939 ²5
327 2866 416 2926 iidcrn
435 2868 514 2925 enirn
537 2886 597 2938 uos,
617 2868 667 2945 qui
688 2868 762 2926 luno
784 2868 927 2926 scutimus
948 2867 986 2927 de
1007 2868 1135 2940 homine,
1156 2869 1229 2928 iudi-

326 2965 421 3025 catun'
450 2985 572 3024 sumus:
607 2967 630 3023 si
659 2966 799 3025 {rurore-cns
830 2976 884 3036 ost,
914 2966 991 3025 sicut
1022 2976 1054 3027 ot
1082 2987 1170 3045 sporo
1198 2978 1230 3026 ct

327 3142 343 3188 2
368 3139 525 3188 maximinus
550 3144 576 3187 H
603 3140 787 3188 l‘ostlunninus
810 3153 827 3188 a
853 3141 990 3204 postirniua
1015 3154 1031 3189 ο
1057 3141 1186 3205 postimus
1211 3155 1229 3189 u

327 3223 344 3272 3
361 3223 449 3271 uxoria
462 3238 534 3270 meae
550 3226 576 3269 H
590 3225 677 3270 uxoris
690 3230 778 3271 autern
794 3238 865 3270 meae
879 3221 948 3271 oufa
980 3224 997 3271 9
1013 3222 1129 3272 Auidius
1139 3239 1187 3272 om.
1203 3228 1229 3271 H

330 3305 360 3352 10
376 3304 487 3363 Quietus
500 3320 548 3352 om.
564 3317 621 3354 oua.
635 3304 695 3351 odd.
711 3309 735 3352 Μ
768 3305 800 3351 ’20
817 3308 943 3352 οιτῑοὶῐιι
955 3304 1079 3353 Certooa
1111 3306 1144 3353 a}
1162 3303 1227 3353 iudi-

327 3386 414 3435 catnri
433 3399 486 3435 oua
503 3396 532 3435 ct
549 3384 688 3434 iudicaturi
705 3390 730 3434 Ι
763 3387 796 3435 26
812 3386 882 3435 sicut
896 3386 984 3445 (sicuti
999 3390 1027 3446 ι)
1041 3393 1070 3435 et
1083 3402 1161 3450 spero
1177 3400 1229 3436 ona

327 3466 521 3531 sicutsperol!
