2950 4175
204 344 215 407 ξι
316 358 375 415 ιο.
392 358 426 420 (ι
439 360 481 418 ιι)
566 357 767 408 urrsrvmn
786 357 976 408 sonneras.
1192 361 1224 408 ιε

316 502 414 564 bendi
427 501 631 579 recitandique
645 501 746 561 studio
759 503 830 561 haec
848 503 1020 563 auditorum
1041 505 1090 563 uel
1106 505 1223 563 doeidia

218 624 221 629 ·
316 600 370 661 uel
384 598 524 678 superbis
537 618 597 657 non
612 597 753 658 retardat

361 695 509 773 Equidem
527 715 619 774 prope
638 695 749 754 nemini
767 695 858 754 defui
900 712 986 756 erant
1001 719 1073 758 eane
1087 699 1222 778 plerique

316 793 426 854 amici:
447 812 544 871 neque
563 793 642 851 enim
661 806 707 850 est·
725 793 787 851 lere
806 795 964 872 quisquam
982 798 1035 873 qui
1054 798 1164 867 studia
1186 814 1221 855 ιιι

285 911 381 970 5non
396 889 530 950 simulet
549 910 603 949 nos
621 902 710 949 amet.
754 891 800 949 his
818 911 857 950 ex
877 894 974 951 marsis
991 893 1110 973 longius
1129 895 1253 972 qmmo

316 987 541 1048 destinauersm
556 996 674 1065 tempus
688 987 697 1044 i
700 1007 718 1044 o
733 987 806 1046 urbe
816 990 993 1068 consumpsi
1030 1011 1150 1069 possum
1161 992 1222 1049 iam

317 1092 457 1165 repetere
466 1104 613 1144 secessum
623 1094 656 1143 et
665 1084 793 1143 scribere
801 1084 914 1162 aliquid
923 1085 1005 1163 quod
1016 1107 1076 1146 non
1088 1090 1220 1157 recitem,

318 1203 358 1242 ne
379 1181 492 1255 uidear,
514 1201 641 1260 quorum
662 1181 886 1240 recitationibus
904 1182 998 1243 adini.
1018 1204 1078 1242 non
1099 1184 1223 1243 audiun

319 1279 417 1339 luisse·
433 1278 486 1338 sed
507 1278 645 1338 creditor.
689 1298 758 1337 nam
780 1292 815 1336 ut-
835 1279 865 1336 in
886 1280 995 1338 ceteris
1014 1280 1105 1339 rebus
1125 1282 1169 1338 ita
1189 1283 1220 1339 in

271 1402 305 1438 ιο
318 1375 462 1436 audiendi
476 1376 571 1436 officio
584 1375 663 1454 perit
675 1376 781 1455 gratia,
796 1375 821 1434 si
835 1388 1014 1454 reposcatur.
1059 1376 1134 1436 nale

669 1637 729 1693 '1⁰0
763 1638 796 1698 u.
819 1640 869 1698 15.)

448 1754 477 1807 O.
498 1754 644 1806 PLINIVS
661 1753 822 1806 summo
838 1753 956 1806 cmo
972 1754 1041 1807 Sl'O
1058 1755 1084 1807 S„

360 1871 445 1933 Heus
458 1880 502 1944 tu,
518 1870 715 1956 promittisad
725 1890 828 1930 cenam
839 1891 893 1930 nec
904 1872 1006 1930 uenis!
1033 1872 1147 1932 dicitur
1156 1874 1221 1932 ius:
1234 1878 1251 1933 1

316 1970 358 2032 ad
367 1990 465 2030 assem
474 1968 659 2049 impendium
667 1968 783 2040 reddes,
796 1989 849 2028 nec
860 1967 891 2027 id
902 1968 1061 2028 modicum
1098 1982 1222 2049 paratae
1233 1978 1259 2038 2,

272 2098 303 2150 ¹5
317 2076 406 2132 erent
426 2068 560 2128 lactucae
584 2065 726 2147 singulae,
750 2065 886 2126 cochleae
913 2076 1025 2139 tentae,
1054 2089 1113 2127 oua
1141 2068 1220 2140 bina,

317 2167 415 2227 halica
422 2187 492 2227 cum
500 2166 596 2251 mulso
604 2177 635 2225 et
644 2166 803 2242 niue(nam
812 2166 887 2224 hanc
895 2184 1015 2243 quoque
1023 2167 1219 2245 computabis,

316 2266 410 2325 immo
428 2264 505 2324 hanc
525 2264 556 2322 in
576 2263 686 2342 primis,
707 2282 785 2341 quae
804 2263 893 2341 periit
912 2262 943 2321 in
957 2262 1093 2336 ferculo),
1113 2264 1219 2336 olis-ae,

317 2361 442 2433 betacei,
464 2360 642 2430 cucurbitae,
665 2359 757 2431 bulbi,
772 2359 831 2418 alia
844 2359 925 2418 mille
940 2380 998 2418 non
1014 2362 1113 2421 minus
1128 2362 1218 2422 lauta

316 2459 453 2519 audisses
465 2457 639 2519 comoedum
654 2457 702 2517 uel
717 2457 857 2517 lectorem
872 2457 919 2516 uel
935 2457 1060 2535 lanisten
1073 2460 1130 2531 uel,
1142 2481 1221 2538 quae

271 2582 305 2620 ιο
317 2578 386 2617 mea
396 2556 567 2627 liberalitas,
579 2576 687 2615 omnes
724 2565 759 2615 at
769 2564 803 2614 tu
815 2556 894 2634 apud
904 2557 1101 2634 nescioquem
1110 2568 1218 2630 ostrea,
1232 2567 1250 2622 3

318 2654 435 2726 uuluss,
451 2654 578 2725 echinos,
594 2653 759 2714 Gaditanas
773 2653 912 2712 maluisti.
1257 2718 1305 2735 θ

359 2750 454 2812 Dabis
462 2771 580 2831 poenas,
592 2771 652 2811 non
664 2751 732 2811 dico
742 2770 824 2828 quas.
859 2751 935 2811 dure
945 2751 1057 2811 iecisti:
1072 2754 1218 2826 inuidisti‚

318 2851 418 2911 nescio
431 2871 470 2910 an
485 2850 549 2922 tibi,
565 2860 645 2910 certe
663 2848 838 2920 mihi—sed
857 2862 956 2909 tamen
976 2863 1005 2909 ot
1022 2852 1075 2911 tibi
1128 2872 1219 2929 quan-

319 2958 384 3007 tum
400 2968 454 3007 uos
469 2948 647 3017 lusissemus,
666 2947 838 3016 risissemus,
856 2938 1090 3009 strstluissenrus!
1134 2954 1249 3029 potos4

1282 2232 1305 2289 J

322 3112 333 3159 l
353 3109 505 3159 auditorum
523 3108 564 3157 uel
581 3107 683 3158 desidia
698 3112 779 3158 ldvou
795 3107 945 3158 auditorum
959 3110 1061 3160 desidis
1078 3112 1145 3171 (des
1161 3130 1220 3163 coer

320 3208 383 3243 m
397 3208 428 3242 cr
438 3192 496 3241 blus·
506 3191 534 3240 ιἰι
546 3195 575 3250 Β)
586 3195 640 3240 Bra

353 3282 393 3324 ιο
412 3273 563 3325 radicetur
581 3273 639 3323 Keil
672 3275 701 3323 16
721 3273 805 3322 halica
822 3278 940 3323 mvou
956 3274 1023 3324 alica
1040 3290 1058 3325 a
1074 3293 1134 3326 nam
1151 3279 1218 3330 lianc

319 3372 422 3421 quoque
438 3361 537 3406 nvom
553 3371 612 3405 nam
632 3355 694 3404 haec
713 3372 815 3420 quoquae
835 3360 872 3405 B?
914 3358 941 3407 17
966 3358 1045 3420 periit
1063 3359 1131 3409 nvf
1148 3363 1218 3425 perit

320 3442 407 3489 Brona
438 3440 471 3487 ‘ct
488 3437 678 3487 studuissemus
688 3453 736 3485 otu.
750 3442 787 3487 BF
