2950 4175
313 398 360 448 120
517 395 546 448 C.
569 394 670 445 PLINI
686 393 831 446 cauom
849 391 1009 445 suevum
1035 392 1089 449 63.
1106 390 1166 453 (IX.
1177 392 1217 453 11)

312 544 488 622 collegerint
515 540 656 600 delector.
700 540 810 619 incipio
838 540 919 601 enim
947 538 1020 599 satis
1047 537 1217 598 absolutum

313 642 492 711 existimare,
506 638 544 698 de
559 658 620 715 quo
631 646 717 698 tanta
730 637 908 699 diuersitate
922 637 1080 718 regionum
1089 635 1219 697 discreta

313 739 469 799 hominum
483 736 594 797 iudicia
609 736 810 797 consentiunt
853 735 928 797 uale.

656 976 706 1032 84·
743 977 803 1038 (IX.
825 979 875 1038 13.)
895 1018 898 1023 .

495 1105 524 1156 C.
546 1103 693 1156 PLINIVS
710 1103 909 1164 QVADRATO
925 1101 994 1156 SVO
1010 1101 1037 1153 S.

282 1227 300 1285 1
354 1223 475 1297 Quanto
497 1223 662 1284 studiosius
683 1224 889 1302 intentiusque
909 1221 1011 1302 legisti
1030 1219 1124 1282 libros
1143 1238 1220 1298 quos

313 1319 351 1381 de
366 1318 491 1380 Heluidi
505 1320 622 1380 ultione
631 1321 793 1398 composui,
807 1328 894 1380 tanto
908 1318 1073 1398 impensius
1086 1315 1221 1397 postulas

313 1428 349 1478 ut
363 1417 545 1497 perscribam
560 1418 617 1477 tibi
631 1437 767 1496 quaeque
782 1426 869 1477 extra
883 1416 975 1477 libros
988 1433 1124 1495 quaeque
1142 1413 1221 1475 eirea

313 1516 414 1585 libros,
437 1523 537 1575 totum
561 1514 693 1593 denique
715 1514 852 1574 ordinem
875 1513 927 1586 rei,
949 1512 998 1573 eui
1018 1530 1073 1592 per
1088 1518 1220 1573 aetatem

314 1633 373 1672 non
388 1612 562 1672 interfuisti.
1235 1628 1263 1667 ro

285 1711 302 1766 2
354 1710 458 1770 Occiso
479 1708 655 1769 Domitiano
673 1709 767 1768 statui
786 1727 903 1768 mecum
921 1727 956 1768 aa
972 1705 1137 1768 deliberaui
1155 1726 1221 1768 esse

313 1826 453 1886 magnam
473 1804 689 1884 pulchramque
708 1806 863 1865 materiam
882 1802 1049 1864 insectandi
1068 1812 1219 1878 umentes,

314 1904 438 1964 miseros
452 1903 635 1978 uindicandi,
652 1923 684 1963 se
698 1902 877 1982 proferendi.
921 1921 1011 1982 porro
1025 1902 1106 1962 inter
1122 1901 1221 1962 multa

314 2000 425 2061 seelera
453 2000 619 2061 multorum
644 1999 760 2061 nullum
788 2000 919 2061 atrocius
945 1999 1107 2061 uidebatur
1127 2019 1220 2080 quem

314 2098 395 2177 quod
410 2099 441 2158 in
456 2109 563 2159 senatu
578 2109 700 2159 senator
719 2099 858 2170 senatori,
874 2099 1041 2178 praetorius
1060 2098 1218 2173 consulari,
1235 2115 1264 2172 ις

315 2215 366 2255 reo
379 2196 472 2256 iudex
486 2216 593 2257 manus
612 2195 772 2256 intulisset.
815 2195 914 2257 fuerat
932 2196 1044 2275 alioqui
1062 2196 1137 2257 mihi
1149 2216 1220 2259 eum

316 2291 459 2353 Heluidio
479 2294 619 2366 amicitia,
642 2304 756 2372 quanta
777 2301 918 2373 potuerat
938 2313 1001 2354 esse
1025 2312 1093 2354 eum
1112 2314 1148 2355 eo
1166 2294 1219 2374 qui

286 2401 398 2457 ametu
434 2400 604 2468 temporum
641 2411 748 2451 nomen
777 2392 882 2472 iugens
916 2411 1062 2470 paresque
1089 2391 1220 2452 uirtutes

315 2507 431 2547 secessu
446 2488 577 2568 tegebat,
593 2487 692 2547 luerat
710 2509 777 2549 eum
797 2490 887 2550 Arria
903 2497 935 2550 et
953 2488 1075 2563 Fannia,
1091 2509 1219 2569 quarum

315 2583 410 2644 altera
433 2584 555 2646 Heluidi
578 2605 713 2659 nouerca,
734 2588 829 2647 altera
853 2597 950 2648 mater
970 2606 1121 2649 nouereue
1166 2587 1219 2650 sed
1232 2605 1263 2643 20

317 2702 377 2741 non
391 2683 435 2742 ita
448 2702 496 2743 me
510 2683 577 2743 iura
591 2683 711 2761 priuata
724 2693 760 2743 ut
775 2684 927 2762 publicum
943 2684 989 2745 fas
1006 2691 1038 2745 et
1055 2684 1219 2765 indignitas

317 2780 387 2840 faeti
402 2788 434 2840 et
447 2780 576 2860 exempli
590 2781 667 2839 ratio
682 2781 834 2841 incitabat.

288 2889 306 2945 4
358 2880 403 2938 Ae
418 2879 521 2957 primis
536 2878 660 2957 quidem
674 2878 780 2939 diebus
795 2880 929 2941 redditae
947 2880 1096 2942 libertatis
1114 2902 1168 2961 pro
1187 2900 1219 2942 se

317 2978 443 3055 quisque
465 2977 601 3036 inimicos
623 2995 699 3047 suos,
723 2976 883 3037 dumtaxat
906 2980 1042 3052 minores,
1067 2979 1220 3041 incondito

318 3074 499 3151 turbidoque
514 3074 642 3133 elamore
657 3073 862 3152 postulauerat
876 3076 964 3136 simul
978 3086 1009 3136 et
1023 3084 1217 3156 oppresserat.
1233 3094 1263 3149 25

351 3228 390 3269 ⁶⁴
410 3223 425 3269 8
442 3235 562 3284 quaeque
579 3224 655 3267 extra
672 3216 753 3266 libros
770 3232 887 3281 (quaeque
903 3221 972 3270 eirea
987 3220 1067 3271 libros
1084 3228 1170 3271 totum
1187 3236 1221 3272 οι

317 3311 471 3368 ‹praeextra
485 3302 664 3351 liti-ostotum
676 3302 721 3347 uu
753 3298 786 3346 20
801 3296 916 3349 heluidio
927 3315 961 3351 ou
993 3304 1025 3352 ⁸25
1040 3304 1220 3367 postulauerat

317 3400 353 3435 ue.
372 3385 574 3450 postulauerunt
591 3387 618 3431 H
634 3378 842 3446 merelatum
857 3392 1025 3446 oppresserat
1045 3398 1096 3434 οη.
1114 3401 1219 3450 oppres.

317 3472 444 3519 serautll

1226 3541 1263 3577 Δ
