2950 4175
315 382 348 434 68
523 378 553 432 0.
573 378 674 431 mm
689 378 835 433 canem
850 376 1011 433 saevum
1034 378 1091 437 88.
1106 378 1169 445 (lv.
1180 380 1222 443 1⁸)
1301 460 1305 469 Ι

287 527 491 609 iopuseulum
515 525 597 604 quod
621 533 668 586 est
690 525 723 586 in
747 524 885 587 mnibus
905 524 1070 589 aheoluam.
1116 544 1224 589 uereor

317 626 396 687 enim
417 645 463 698 ne,
486 624 511 685 ei
534 622 611 682 hane
633 622 832 683 intentionem
854 623 915 683 ianr
935 624 969 684 in
988 622 1050 685 fine
1069 622 1222 698 enuere,

316 743 404 805 aegre
426 740 584 782 resumam.
626 719 748 779 interim
769 740 808 781 ne
829 720 904 799 quid
927 720 1115 783 {memnoni
1139 740 1224 783 meae

317 827 427 901 pereat,
443 816 525 896 qued
545 835 613 877 sum
634 836 773 896 praesens
793 818 944 896 petiturus
964 818 1020 881 bae
1032 819 1122 899 qmsi
1141 838 1225 901 praa

316 917 448 979 cursoria
471 914 601 996 epistula
621 934 703 997 rogo.
746 915 799 977 sed
822 916 906 997 prius
928 919 1029 999 aeeipe
1051 938 1159 981 eauaas
1179 938 1225 981 ro
1252 930 1266 983 5

287 1120 305 1175 3
356 1110 497 1172 Proxime
517 1130 586 1171 eum
606 1110 639 1171 in
659 1108 759 1189 patria
777 1128 845 1171 mea
863 1110 1226 1185 moenitadmenla

317 1208 442 1270 tandum
456 1207 615 1288 municipis
634 1206 694 1268 mei
712 1206 792 1267 filius
811 1216 1029 1288 praetextatus.
1074 1208 1148 1271 huie
1167 1228 1226 1293 ego

319 1306 612 1384 ‘studeri’inquam
640 1304 933 1386 respondit‘etiern’
960 1304 1064 1369 ‘ubit’
1091 1306 1226 1371 ‘Medio

318 1403 396 1464 lani?
438 1410 507 1464 ‘eur
527 1423 589 1463 non
609 1401 692 1463 hiet’
731 1410 765 1463 et
777 1411 865 1483 pater
876 1402 941 1465 eiua
961 1402 1143 1484 (eratenim
1162 1424 1226 1467 una
1239 1418 1269 1457 ¹⁰

316 1511 407 1581 atque
422 1501 513 1563 etiam
527 1501 591 1581 ipse
605 1500 776 1561 adduxerat
789 1500 930 1581 puerum)
945 1502 1033 1579 ‘qiua
1052 1502 1154 1565 nullos
1173 1502 1225 1567 hie

287 1608 522 1681 4praeeeptoree
546 1598 709 1658 habemus!
760 1605 869 1676 ‘quare
895 1596 1014 1659 nulleai
1038 1618 1111 1661 nam
1134 1600 1225 1663 uehe-

195 1690 213 1744 -⁵
311 1707 432 1774 ‚menter
446 1698 592 1757 intererat
606 1705 714 1768 uestra,
731 1696 783 1774 qui
797 1672 893 1791 patrie
905 1694 997 1771 eetia’
1005 1704 1038 1758 et
1051 1706 1224 1777 opportune

316 1796 481 1877 eomplures
496 1805 597 1876 petrea
609 1794 782 1868 audiebant,
799 1793 925 1855 ‘liberos
938 1800 1055 1857 uestros
1067 1794 1119 1857 hie
1130 1796 1224 1877 potio

316 1896 424 1957 simum
439 1894 561 1955 discere.
604 1892 656 1952 ubi
677 1893 758 1953 enim
777 1899 833 1953 aut
851 1891 1012 1953 iucundius
1030 1901 1225 1955 morarentur
1238 1906 1267 1963 15

316 2012 406 2073 quam
418 1992 451 2052 in
465 1991 571 2071 petria,
586 1998 641 2050 aut
661 1988 798 2068 pudicius
817 1988 1044 2051 eontinerentur
1058 2008 1152 2069 quam
1165 1990 1224 2053 snb

315 2090 408 2153 oeulis
435 2098 604 2171 parentum,
630 2097 685 2149 aut
712 2088 827 2148 minore
847 2096 979 2168 -oumptu
1004 2106 1097 2167 quam
1119 2088 1224 2152 domii

285 2187 496 2270 equantulum
517 2194 564 2248 est
583 2206 655 2267 ergo
675 2185 784 2247 oolleta
807 2184 935 2265 peeunia
952 2183 1119 2248 eenduoere
1138 2205 1224 2268 prae

316 2294 457 2367 eeptoree,
473 2283 615 2364 quodque
636 2303 715 2343 nune
734 2283 767 2342 in
783 2282 993 2357 habitationes,
1007 2281 1040 2344 in
1052 2283 1174 2358 mistim,
1188 2285 1221 2346 in

316 2404 440 2464 eaquae
455 2402 579 2463 peregre
593 2391 735 2442 emuntur
750 2380 862 2452 (omnia
871 2389 974 2441 eutem
984 2399 1109 2462 peregre
1118 2401 1222 2443 emun-
1234 2401 1267 2440 ao

316 2482 379 2560 tur)
393 2480 568 2560 impenditis
582 2478 699 2539 adicere
713 2475 924 2563 memedibusi·
957 2487 1051 2557 atque
1062 2477 1140 2540 adeo
1153 2497 1219 2560 ego,

316 2582 368 2660 qui
381 2580 515 2641 nondum
530 2578 639 2638 liberos
653 2576 757 2649 heheu,
769 2585 892 2655 paratus
906 2597 973 2638 sum
986 2597 1042 2657 pro
1052 2597 1086 2639 re
1099 2576 1222 2658 publiea

316 2687 425 2750 nostra,
441 2676 525 2755 quasi
541 2695 595 2754 pro
609 2674 670 2734 filia
684 2672 731 2734 uel
747 2682 879 2753 parente,
891 2675 1013 2736 tertiam
1027 2684 1144 2755 partem
1155 2674 1221 2737 eius

287 2776 395 2856 equod
410 2775 544 2835 eonfene
560 2773 644 2832 uobis
659 2771 788 2851 placebit
802 2771 882 2833 dare.
925 2781 1025 2833 totum
1046 2773 1138 2833 etiam
1160 2773 1221 2854 pol·

315 2873 426 2944 licerer,
443 2872 498 2931 nisi
513 2871 650 2931 timerem
666 2889 703 2929 ne
717 2869 774 2929 hoe
789 2889 898 2930 munus
918 2889 1017 2931 meum
1038 2870 1221 2950 quandoque
1234 2885 1265 2941 ²5

316 3060 400 3111 enne
414 3064 479 3108 alvu
496 3057 573 3107 finem
592 3061 662 3107 Brea
678 3057 801 3107 {orauere
818 3061 907 3107 Brona
923 3057 1089 3107 intermisero
1103 3056 1174 3109 W
1204 3062 1220 3108 4

318 3142 494 3209 praecursoria
514 3141 582 3190 mvf
601 3142 782 3206 praeceptoria
802 3140 991 3205 (praecursoria
1010 3142 1027 3189 9
1045 3138 1069 3189 d.
1091 3141 1118 3200 ο)
1138 3143 1218 3198 Brea,

317 3240 364 3274 om.
384 3237 402 3273 a
434 3226 451 3272 5
470 3222 578 3287 rogandi
596 3223 714 3287 proxime
731 3226 779 3270 MV
794 3219 903 3286 rogandi
925 3218 1021 3270 deinde
1043 3220 1129 3285 ipsum
1147 3221 1219 3287 quod

318 3312 380 3371 peto
392 3306 508 3370 proxime
520 3310 611 3354 Rroua
622 3304 675 3362 (brat
689 3302 784 3353 deinde
801 3303 842 3368 ips
856 3317 915 3352 orer
927 3318 992 3352 eme.
1008 3302 1042 3365 os
1052 3303 1171 3366 proxime
1185 3312 1218 3353 en

318 3390 343 3438 in
356 3393 383 3446 r)
416 3388 448 3436 ‘20
465 3388 552 3435 onmis
563 3393 651 3435 autem
664 3400 771 3449 peregre
783 3390 907 3434 emuntur
921 3399 969 3433 om.
983 3388 1081 3443 Brona,
1093 3384 1157 3435 edd.
1172 3388 1221 3434 ΙΝ

317 3472 346 3521 ‘21
366 3469 487 3519 addicere
498 3482 514 3517 o
528 3468 667 3517 Monimo
678 3465 745 3515 adeo
756 3482 804 3515 om.
818 3469 915 3521 Brona.
928 3465 992 3514 (ald.
1005 3469 1053 3513 lv
