2950 4175
315 364 344 412 16
517 359 546 412 G.
566 358 667 411 PLlNI
684 360 831 413 ennom
847 360 1005 415 saevum
1058 362 1111 419 1⁰.
1128 360 1163 425 (Ι.
1175 362 1219 425 rt)
1239 372 1244 381 “

312 506 484 585 apparatius
513 525 618 566 cenare
645 508 726 586 apud
755 507 875 581 multoc,
903 528 1053 587 nusquam
1081 508 1216 583 hilarius,

311 604 481 683 simplicius,
511 604 666 665 incautius
710 607 742 665 iu
769 625 893 679 summa,
923 608 1069 687 experire,
1099 617 1132 668 et
1158 606 1218 668 nisi

313 715 415 781 postca
426 712 457 760 te
467 702 533 760 aliis
547 702 647 779 potius
661 705 860 778 excusaueris,
876 705 947 764 mihi
964 725 1083 785 semper
1096 724 1216 765 exosus

312 799 386 858 ualc.

650 890 721 995 ΙΙΙ.
757 940 788 995 (L
811 942 862 1004 lo.)
1247 938 1258 992 5

520 1055 549 1107 O.
569 1053 716 1108 PLINIVS
735 1055 869 1109 nnvclo
888 1056 956 1109 SVO
973 1058 999 1109 S.

282 1181 297 1236 1
352 1171 498 1231 Amabam
525 1171 702 1250 Pompeium
729 1170 927 1232 Saturninum
948 1172 1042 1251 (hunc
1069 1171 1138 1233 dico
1166 1192 1217 1234 no

311 1276 418 1337 strum)
439 1268 656 1346 laudabamque
674 1269 739 1329 eius
757 1269 919 1350 ingenium,
939 1270 1030 1329 etiam
1050 1278 1217 1349 antequam

311 1367 415 1426 scirem
429 1386 520 1444 quam
534 1367 659 1439 uarium,
675 1387 767 1445 quam
787 1366 927 1440 flexibile,
942 1386 1034 1445 quam
1053 1366 1217 1448 multiplex

311 1477 405 1525 esset:
435 1484 513 1525 nunc
535 1484 606 1524 uero
627 1473 726 1524 totum
748 1485 796 1525 me
817 1473 909 1539 tenet,
941 1465 1039 1539 habet,
1069 1465 1258 1545 possidetis

281 1562 391 1622 taudii
410 1582 513 1621 causas
531 1569 671 1642 agentern
689 1562 799 1622 acriter
817 1570 850 1622 et
869 1561 1018 1635 ardenter,
1040 1582 1096 1623 nec
1114 1563 1216 1624 minus

311 1661 402 1739 polite
421 1669 452 1719 et
471 1667 584 1731 ornate,
605 1659 668 1719 siue
688 1659 835 1719 meditata
853 1660 917 1719 siue
938 1660 1038 1720 subita
1053 1661 1213 1739 proferret

310 1758 420 1817 adsunt
439 1765 527 1836 aptae
546 1756 726 1834 crebraeque
746 1756 922 1829 sententiae,
944 1757 1045 1838 grauis
1060 1768 1092 1818 et
1106 1758 1216 1820 decora

310 1855 499 1928 constructio,
520 1854 658 1914 sonantia
676 1853 770 1913 uerba
790 1854 974 1932 etantiqua
1018 1855 1121 1916 omnia
1140 1856 1216 1919 haec

265 2033 267 2038 Ι
310 1953 383 2012 mire
417 1951 543 2031 placent,
579 1971 648 2012 cum
687 1952 804 2030 impetu
845 1951 975 2029 quodam
1016 1961 1049 2013 et
1089 1954 1216 2016 flumine
1231 1977 1258 2033 ις

280 2051 523 2131 Speruehuntur,
547 2048 673 2130 placent,
697 2049 722 2109 si
744 2057 955 2110 retractentur.
998 2049 1111 2112 senties
1131 2051 1215 2131 quod

310 2170 373 2231 ege,
399 2170 467 2210 cum
491 2148 640 2209 orationes
665 2147 729 2207 eius
754 2147 786 2206 in
811 2167 917 2207 manus
942 2149 1112 2227 sumpseris,
1138 2168 1215 2228 quas

309 2247 395 2307 facile
412 2246 538 2307 cuilibet
551 2253 697 2318 ueterum,
717 2264 847 2323 quorum
869 2252 916 2305 est
933 2245 1077 2320 aemulus,
1097 2266 1216 2327 compe

280 2351 297 2406 4
310 2345 396 2404 rabis.
426 2343 505 2403 idem
520 2354 619 2402 tamen
631 2344 662 2401 in
674 2342 799 2402 historia
809 2343 904 2423 magis
914 2343 1078 2405 satisfaciet
1089 2344 1138 2405 uel
1149 2344 1215 2407 bre

310 2443 405 2502 uitato
428 2441 475 2501 uel
497 2440 561 2500 luce
582 2440 630 2500 uel
651 2441 803 2501 suauitate
825 2441 873 2502 uel
895 2441 1053 2521 splendore
1073 2442 1167 2521 ctiam
1181 2451 1215 2504 et
1228 2465 1258 2503 eo

309 2540 493 2600 sublimitate
515 2538 663 2598 narrandi.
708 2559 777 2598 nam
796 2539 828 2597 in
848 2539 1038 2600 contionibus
1057 2539 1139 2601 idem
1160 2541 1214 2619 qui

310 2639 340 2698 in
362 2637 545 2697 orationibus
566 2637 627 2697 suis
648 2645 703 2711 est,
725 2637 856 2715 pressior
883 2646 1004 2698 tantum
1031 2646 1063 2698 et
1090 2638 1214 2699 circum-

281 2748 298 2804 5
310 2737 447 2815 scriptior
461 2745 493 2795 et
506 2735 671 2796 adductior.
717 2746 872 2815 praeterea
886 2737 959 2797 iacit
978 2756 1090 2809 uersus,
1107 2737 1214 2816 quales

310 2833 447 2895 Catullus
460 2842 514 2892 aut
529 2831 647 2892 Caluus.
669 2845 816 2911 quantum
832 2833 891 2893 illis
902 2833 1018 2912 leporis,
1033 2834 1212 2909 dulcedinis,

314 2968 321 3013 l
343 2980 482 3028 numquam
495 2967 533 3012 BP

346 3055 380 3096 11
402 3049 431 3097 10
448 3046 580 3108 beqirrninq
592 3046 651 3095 trith
663 3063 725 3095 uero
745 3047 864 3097 Nomi!
882 3047 984 3097 auctaas
1002 3048 1080 3098 break
1094 3065 1125 3098 or
1141 3049 1215 3100 atter

311 3131 373 3178 attan
390 3145 471 3191 marq.
485 3136 541 3177 note
558 3128 651 3177 inlate
668 3129 739 3177 laad
756 3136 781 3177 to
798 3129 820 3178 1.
835 3133 874 3178 2’0.
890 3129 976 3188 tlsd.
992 3133 1043 3189 13),
1056 3130 1136 3179 where
1154 3130 1214 3194 they

312 3228 406 3261 ramme
425 3211 483 3259 reith
501 3212 658 3261 retourisisse
695 3212 723 3260 13
740 3219 818 3276 aptae
830 3215 918 3259 Brona
931 3210 1062 3261 sanuel-¹
1095 3212 1125 3261 le
1141 3211 1212 3261 idem

311 3295 355 3359 qui
369 3295 395 3342 in
407 3292 569 3342 orationibus
581 3294 635 3342 suis
648 3299 689 3341 est
702 3297 740 3340 BF
753 3291 843 3340 eadem
860 3307 927 3355 quae
946 3293 971 3341 iu
988 3292 1154 3342 orationibus
1171 3295 1213 3343 uis

311 3385 352 3426 est
371 3390 422 3425 oua
459 3377 493 3423 a.)
516 3382 619 3424 tanturn
639 3379 711 3424 BPou
730 3379 818 3423 tamen
839 3387 856 3422 a
890 3374 923 3423 24
948 3367 1134 3436 afler'celuus
1153 3376 1208 3426 cod.

315 3460 397 3509 ltreal
420 3460 509 3503 ineerta
526 3472 616 3505 carrera
632 3455 722 3520 quales
741 3454 854 3504 catullus
870 3465 917 3503 aut
934 3454 1024 3505 oaluus
