2950 4175
304 387 336 437 bb
510 383 539 436 Ο.
559 382 660 434 PLINI
677 379 820 435 CAECILI
837 378 997 433 suevum
1024 380 1078 437 32.
1095 380 1155 441 (Π.
1167 382 1208 437 lll

274 548 292 605 7
347 530 430 590 Missi
454 529 557 589 statim
587 527 742 608 pontifices
769 527 821 606 qui
855 525 1069 587 defodiendam
1104 546 1209 589 necan-

304 629 433 706 damque
461 636 609 687 cormunt.
652 625 704 685 illa
738 645 817 686 nuno
843 625 883 686 ad
910 623 1036 686 Vestam
1061 644 1143 686 nunc
1170 624 1208 685 ad

304 736 418 787 ceteros
438 726 510 785 deos
530 745 637 784 manus
651 724 785 796 tendens,
807 725 911 798 multa,
927 722 981 784 sed
1002 722 1059 783 hoc
1072 723 1209 802 frequen·

305 824 419 884 tissime
441 821 615 882 clamitabat
639 829 703 882 ‘mc
726 820 836 883 Caesar
857 822 1003 882 incestam
1021 828 1120 900 putat,
1150 840 1211 899 qua

274 935 388 992 ssacra
397 920 525 980 faciente
547 919 880 999 uicit.t1iumphauitl'
900 917 1059 979 blandiens
1078 917 1153 978 haec
1170 936 1209 977 an
1240 932 1253 986 5

305 1017 440 1088 irridens,
465 1037 502 1077 ex
529 1017 639 1077 fiducia
665 1017 712 1078 sui
735 1037 774 1076 an
801 1035 840 1076 ex
865 1023 1043 1096 contemptu
1066 1015 1211 1095 principis

304 1114 417 1174 dixerit
444 1113 570 1173 dubium
598 1123 653 1175 est.
695 1112 782 1186 dixit,
815 1112 911 1174 donec
944 1112 984 1173 ad
1018 1112 1209 1193 supplicium,

306 1212 404 1271 nescio
417 1232 456 1270 an
471 1211 619 1284 innocens,
635 1220 716 1272 certe
729 1219 874 1289 tanquam
887 1210 1038 1284 innocens,
1049 1209 1145 1271 ducta
1154 1218 1209 1271 est.

275 1323 293 1380 9
306 1310 379 1388 quin
394 1309 486 1368 etiam
499 1329 568 1368 cum
589 1309 621 1369 in
635 1308 711 1369 illud
732 1308 961 1369 subterraneum
973 1307 1148 1368 cubiculum
1162 1307 1212 1368 de·

307 1407 479 1466 mitteretur
493 1405 695 1484 haesissetque
709 1404 902 1466 descendenti
918 1403 1004 1478 stola,
1020 1405 1117 1464 uertit
1130 1424 1163 1465 se
1177 1424 1212 1465 ac
1226 1420 1256 1457 ιο

307 1503 467 1583 recollegit,
483 1522 610 1581 cumque
624 1503 652 1562 ei
669 1501 802 1563 carnifex
815 1520 938 1561 manum
958 1500 1054 1574 daret,
1070 1511 1212 1563 auersata

307 1611 354 1662 est
377 1610 409 1661 et
427 1601 545 1660 resiluit
571 1599 752 1677 foedumque
773 1598 946 1678 contagium
967 1597 1053 1675 quasi
1082 1598 1172 1678 plane
1194 1620 1212 1659 a

307 1708 389 1759 casta
418 1717 550 1777 puroque
580 1715 701 1775 corpore
722 1695 883 1755 nouissima
912 1695 1073 1755 sanctitate
1095 1696 1209 1769 reiecit,

307 1795 504 1873 omnibusque
528 1792 659 1854 numeris
680 1792 803 1872 pudoris
824 1789 943 1868 πολλὴν
963 1790 1103 1866 πρόνοιαν
1123 1791 1212 1869 ἔσχεν

258 1910 293 1970 10
307 1891 459 1970 εὐσχήμων
482 1895 586 1951 πεσεῖν.
631 1899 786 1970 praeterea
809 1887 903 1961 Celer,
926 1907 1018 1967 eques
1045 1888 1210 1961 Romanus,
1226 1903 1254 1957 15

306 1990 355 2052 cui
390 1989 528 2051 Cornelia
561 1988 753 2056 obiciebatur,
790 2006 857 2047 cum
891 1985 924 2045 in
957 1985 1081 2047 comitio
1115 1986 1212 2068 uirgis

307 2089 488 2160 caederetur,
505 2088 535 2146 in
559 2086 614 2147 hac
635 2106 707 2147 uoce
729 2084 902 2165 perstiterat
925 2082 1015 2163 ‘quid
1037 2083 1114 2146 fecil
1134 2085 1210 2146 nihil

307 2186 382 2247 feci!

260 2307 292 2363 11
349 2282 484 2344 Ardebat
505 2302 576 2363 ergo
597 2281 788 2341 Domitianus
802 2290 834 2341 et
856 2282 1043 2344 crudelitatis
1057 2291 1090 2343 ct
1102 2281 1211 2360 iniqui-

307 2382 378 2442 tatis
399 2381 530 2440 infamia.
573 2380 679 2459 arripit
694 2380 880 2440 Licinianum
899 2380 980 2459 quod
1001 2381 1033 2440 in
1046 2381 1128 2462 agris
1148 2380 1211 2441 suis
1224 2397 1256 2434 20

305 2478 482 2540 occultasset
497 2476 651 2538 Corneliae
667 2476 814 2537 libertam.
851 2477 903 2538 ille
915 2478 954 2538 ab
967 2478 1005 2539 iis
1018 2478 1128 2557 quibus
1144 2486 1211 2538 erat

304 2597 391 2637 curae
405 2587 623 2656 praemonetur,
641 2576 666 2634 si
689 2576 843 2637 comitium
860 2586 893 2637 et
906 2576 1006 2659 uirgas
1026 2576 1089 2656 pati
1105 2576 1209 2649 nollet,

303 2673 343 2734 ad
363 2673 577 2733 confessionem
599 2672 782 2753 confugeret,
801 2674 885 2752 quasi
905 2673 945 2734 ad
966 2674 1106 2734 ueniam:
1127 2673 1208 2735 fecit.

259 2775 292 2831 12
305 2771 422 2832 locutus
460 2780 505 2830 est
539 2789 593 2849 pro
628 2770 752 2831 absente
787 2770 957 2832 Herennius
990 2770 1115 2832 Senecio
1148 2771 1210 2833 talc

305 2867 448 2947 quiddam
466 2868 553 2945 quale
573 2879 620 2927 cst
639 2868 714 2927 illud
735 2872 824 2926 κεῖται
845 2867 1024 2946 Πάτροκλος.
1067 2869 1112 2929 ait
1128 2869 1208 2929 enim
1224 2880 1254 2933 25

251 2996 255 3003 ·
307 2974 314 2999 ⁴
326 2987 363 3025 cx
377 2965 524 3024 aduocato
541 2966 663 3024 munius
678 2966 774 3025 factus
784 2987 866 3026 snm:
884 2967 1005 3027 recessit
1019 2966 1210 3027 Licinianus!

306 3148 321 3192 8
339 3151 463 3208 tanquam
478 3144 600 3192 innocens
611 3147 659 3191 HV
670 3150 794 3208 tanquam
807 3161 901 3195 nocens
915 3149 990 3205 (corr.
998 3145 1073 3209 saum
1084 3145 1209 3195 innocens

305 3230 333 3284 a)
352 3230 441 3275 Brona
480 3227 496 3274 a
519 3224 668 3273 cubiculum
687 3240 734 3275 om.
755 3231 810 3284 HV,
830 3227 891 3276 add.
914 3232 1003 3278 Bl'out
1040 3228 1066 3277 ll
1089 3227 1208 3277 carnifex

307 3324 411 3357 inanum
430 3313 517 3357 Bl’oua
535 3323 638 3355 manum
656 3307 771 3356 camifcx
790 3313 836 3356 HV
872 3309 900 3357 ¹2
916 3309 1066 3374 contagium
1080 3312 1135 3357 Bra
1148 3324 1207 3357 con·

308 3396 407 3439 uictum
426 3395 506 3439 uvcu
522 3390 598 3453 plania
616 3394 687 3445 uva.
704 3405 753 3439 om.
773 3394 844 3439 Brea
881 3391 910 3439 ‘21
931 3391 963 3439 iis
979 3395 1044 3441 lvo
1060 3390 1101 3440 his
1117 3390 1212 3441 13?ch

307 3473 339 3522 'bb
357 3473 463 3521 rocmsit
474 3472 612 3520 licinianus
624 3475 694 3519 Brea
705 3470 844 3519 licinianus
856 3472 963 3521 ieoessit
973 3475 1039 3522 m
