2950 4175
269 379 304 433 ao
478 374 508 429 e
527 372 790 429 mmmmm
805 372 965 429 auorum
992 374 1046 437 aa.
1072 374 1174 443 ‹mir›

270 522 415 587 trecentis
429 520 551 583 milibua
570 519 709 582 omilium
722 520 833 602 equitia
850 520 979 585 Romani
997 530 1174 605 aptamque

269 623 435 686 amioorum
461 618 527 681 eiua
554 616 692 679 mamam
721 638 857 701 menam,
886 618 1060 684 Mmoiauue
1085 620 1175 685 unia

270 720 382 801 equitia
406 714 535 779 Romani
558 714 758 797 septingentis
777 716 899 780 milibus
920 718 1009 801 plura
1028 718 1176 801 mppiioia

269 815 455 899 arguebatur
463 812 582 875 emiaaa:
593 819 659 873 erat
667 812 1004 889 enimfuatibuaaaenu,
1013 814 1176 879 domim

239 917 302 979 tin
316 912 482 985 metallum,
494 908 742 992 strangulatuain
756 930 881 975 tamara
915 910 1177 975 aedHonoratum
1203 930 1217 991 ς

269 1010 436 1096 cognitioni
444 1015 567 1071 eeuatua
575 1008 1177 1091 momopportunaaubtruitbiardmu

269 1108 413 1172 induetua
431 1114 479 1168 eat
496 1105 621 1169 obtento
637 1102 747 1167 Primo
787 1104 892 1187 itaque
908 1104 1037 1169 'litouiut
1048 1104 1177 1171 catali·

269 1205 434 1271 oonsularie
453 1203 519 1266 iure
533 1203 684 1267 senatorio
697 1202 865 1283 postulauit
876 1210 914 1265 ut
930 1202 1052 1267 Puera
1063 1204 1177 1269 aarum

270 1302 522 1384 fleretsiuequia
532 1300 784 1376 miaarabssioram,
795 1300 860 1363 eiua
868 1300 1177 1382 quiaiauidioaioram

270 1404 336 1466 fora
370 1398 584 1475 arbitrabatur,
613 1398 638 1461 ai
673 1418 813 1480 praeeant
846 1398 962 1473 tuimet,
989 1398 1064 1474 uiue,
1092 1398 1217 1480 quodue

270 1499 402 1561 maxime
412 1496 510 1573 eredo,
521 1495 594 1577 qiiia
601 1496 813 1577 aequissimum
821 1496 1176 1561 eratoommuuatrimon

270 1597 310 1659 ab
337 1606 467 1676 utroque
493 1592 625 1669 defendi,
654 1603 687 1657 et
711 1594 738 1656 ai
764 1592 840 1657 dilui
869 1612 931 1655 uon
956 1592 1115 1674 potuiuat,
1141 1594 1176 1657 in

271 1705 401 1773 utroque
415 1692 524 1774 puniri.

225 1804 258 1862 ιο
312 1790 416 1852 Dilata
442 1809 490 1851 rea
512 1797 559 1851 eet
585 1788 618 1850 in
641 1788 812 1870 proximum
834 1794 980 1863 senatum,
1000 1789 1087 1851 amun
1109 1788 1176 1873 ipae

270 1896 447 1970 oonapeotua
460 1886 691 1969 augustissimus
704 1884 772 1947 fuit.
813 1884 950 1967 prineepa
967 1886 1175 1967 praefidebam
1188 1901 1217 1957 ις

270 1985 431 2050 eratenim
444 1983 565 2047 oomul:
579 1983 620 2045 ad
633 1982 688 2045 hoe
702 1982 857 2045 Ianuarius
870 1984 981 2047 menda
992 2002 1062 2047 oum
1074 1992 1176 2048 oetam

271 2095 338 2147 tum
365 2083 524 2166 praecipue
551 2091 723 2144 aenatorum
750 2082 919 2164 frequentia
947 2082 1173 2146 oeleberrimua:

270 2191 428 2264 praeterea
445 2200 552 2243 eaueaa
570 2178 738 2261 amplitudo
755 2189 902 2262 auctaque
914 2179 1059 2244 dilatione
1071 2199 1176 2264 exape-

271 2280 365 2342 etatio
382 2287 414 2340 et
429 2278 511 2339 fama
523 2277 708 2358 insitumque
725 2277 901 2340 mortalibus
916 2278 1051 2341 atudium
1063 2298 1175 2362 magna

272 2388 303 2440 ot
341 2377 487 2439 inusitata
523 2376 665 2439 noeoeudi
702 2395 805 2438 omnen
842 2375 974 2456 undique
1011 2377 1217 2440 exoiueratao

225 2483 257 2540 11
271 2476 436 2557 imaginare
456 2495 534 2555 quae
558 2473 728 2537 sollicitudo
752 2474 845 2549 nobie,
868 2474 921 2554 qui
941 2482 1047 2549 metus,
1063 2475 1175 2555 qmbua

271 2595 362 2657 super
370 2583 458 2636 tanta
467 2594 500 2636 re
510 2573 542 2634 in
550 2572 604 2635 illo
615 2582 702 2635 ooetu
713 2581 868 2655 praetante
878 2570 1003 2636 &aare
1012 2571 1174 2635 dioendim

271 2681 346 2735 erat.
388 2670 529 2751 equidem
548 2670 581 2732 in
601 2680 707 2732 uenatu
725 2689 785 2732 non
805 2667 897 2733 eemel
916 2670 972 2752 egi,
986 2669 1061 2751 quin
1080 2669 1174 2732 immo

272 2788 421 2850 nusquam
434 2767 533 2829 audiri
554 2767 714 2849 benignius
731 2766 830 2845 soleo3
850 2777 922 2829 tuno
944 2787 991 2829 me
1013 2776 1116 2829 tamen
1137 2775 1174 2829 ut

227 2874 259 2930 12
272 2886 351 2928 noua
370 2865 470 2927 omnia
489 2884 569 2927 nouo
587 2876 670 2926 metu
689 2865 911 2946 permouebant.
957 2863 1174 2926 obuersabatur
1186 2883 1217 2938 ις

272 2974 392 3045 praeter
413 2962 465 3023 illa
484 2982 562 3043 quae
576 2962 744 3043 supradixi
758 2983 863 3025 caueae
876 2961 1051 3023 difficultas:
1072 2961 1174 3024 stabat

272 3062 362 3123 modo
389 3060 562 3134 consularis,
591 3060 681 3121 modo
717 3059 880 3139 septemuir
915 3058 1083 3140 epulonum,
1112 3059 1173 3120 iarn

271 3229 287 3275 4
301 3225 372 3274 enim
383 3221 486 3273 eerialia
497 3221 617 3283 (oerealia
627 3226 663 3281 u)
675 3221 790 3272 iuatibua
801 3226 847 3272 lv
873 3224 888 3275 7
902 3222 1033 3272 tuooiuav
1043 3219 1174 3272 tuotiuar

271 3306 379 3357 duotius
392 3310 419 3355 li
433 3306 518 3356 tutius
534 3318 568 3355 oa
584 3303 668 3353 lucius
683 3317 701 3352 u
718 3303 825 3353 cerealia
837 3308 906 3364 ητα
940 3305 969 3353 16
984 3301 1079 3353 adhoc
1090 3302 1173 3355 Νι

270 3389 358 3439 adhue
385 3391 438 3438 rou
486 3386 519 3435 at
546 3384 736 3434 obueraabatur
766 3384 839 3434 πῆ
871 3384 1112 3452 obueraabaturqua
1139 3397 1173 3435 oa

271 3469 500 3522 olueruabaturn
