2950 4175
208 336 210 341 ’
318 368 371 425 ω.
389 368 464 429 (vn.
477 370 517 426 n)
565 368 767 419 nrrsrrmn
790 369 980 421 snuncrea.
1195 370 1228 420 ee

318 512 422 573 mulsa
467 512 520 589 qui
540 512 603 571 sint
624 510 663 583 hi,
679 512 755 572 adeo
770 523 876 573 notum
891 516 1110 593 probatumque
1126 521 1172 573 est
1192 521 1228 572 ut
1241 519 1274 574 16

317 608 576 669 demonstratione
598 628 658 667 non
681 616 786 687 cgeat;
808 618 839 670 et
852 610 964 690 alioqui
986 621 1048 671 tam
1069 609 1227 671 immodice

318 705 477 782 epistulam
505 705 629 764 extendi
658 711 700 777 ut,
730 705 803 764 dum
832 708 889 767 tibi
917 729 1006 787 quern
1033 708 1073 768 ad
1105 706 1227 767 modum

318 802 439 862 studere
460 800 571 861 debeas
592 801 712 874 suadeo,
735 803 878 863 studendi
900 814 1020 883 tempus
1041 803 1224 865 abstulerim.

288 899 391 976 §quin
417 917 488 977 ergo
511 897 673 976 pugillares
695 900 830 971 resumis,
853 908 885 959 et
905 901 1019 979 aliquid
1041 923 1078 962 ex
1100 902 1155 969 his,
1178 899 1226 959 uel

318 995 400 1055 istud
417 995 515 1073 ipsum
529 995 611 1073 quod
625 1015 773 1072 coeperas,
790 997 915 1057 scribisl
957 999 1032 1059 uale.

633 1223 642 1255 '¹
659 1235 711 1291 eo.
747 1235 821 1295 (vu.
837 1237 888 1297 19.)

535 1351 564 1404 c.
586 1351 733 1402 rnruvs
752 1350 877 1402 Perseo
894 1350 963 1402 svo
980 1351 1006 1402 S.

358 1481 456 1559 Angit
470 1500 518 1540 me
535 1479 668 1540 Fanniae
685 1478 838 1540 ualetudo.
882 1481 1034 1540 contraxit
1053 1481 1136 1556 hane,
1152 1483 1225 1543 dum
1256 1501 1271 1556 1

274 1612 306 1648 10
318 1577 437 1638 adsidet
469 1577 573 1638 Iuniae
601 1578 729 1658 Virgini,
760 1585 868 1656 sponte
898 1578 1029 1655 primum
1059 1582 1118 1654 (cst
1146 1582 1225 1641 enim

318 1677 446 1750 adfinis),
459 1677 568 1736 deinde
583 1678 674 1737 etiam
689 1696 727 1737 ex
742 1676 921 1736 auctoritate
935 1677 1118 1754 pontificum.
1156 1699 1224 1738 nam
1256 1695 1272 1750 2

320 1775 467 1856 Virgines,
503 1795 572 1836 eum
610 1777 642 1835 ui
680 1775 778 1835 morbi
816 1775 894 1835 atrio
929 1774 1040 1835 Vestae
1077 1786 1226 1855 eoguntur

318 1873 470 1945 excedere,
483 1881 688 1933 matronarum
703 1892 792 1932 curae
807 1871 1019 1951 custodiaeque
1034 1874 1222 1935 mandantur.

318 1991 378 2050 quo
419 1991 543 2031 munere
577 1970 693 2030 Fannia
733 1969 808 2030 dum
847 1969 952 2030 sedulo
987 1971 1132 2049 fungitur,
1170 1972 1226 2033 hoc

276 2096 304 2148 ¹5
317 2070 488 2131 discrimine
523 2069 669 2148 implicita
707 2076 761 2129 est.
825 2067 959 2128 insident
993 2068 1098 2143 febres,
1136 2073 1226 2132 tussis
1256 2093 1272 2148 3

317 2168 463 2242 increscit,
493 2188 610 2251 summa
637 2168 754 2251 macies,
786 2186 903 2225 summa
929 2166 1078 2228 defectio:
1109 2170 1226 2230 animu's

317 2276 438 2326 tantum
463 2274 495 2327 et
519 2266 644 2343 spiritus
668 2265 761 2344 uiget.
789 2263 932 2324 Heluidio
955 2266 1072 2338 marito,
1096 2266 1228 2327 Thrasea

317 2375 402 2444 patre
437 2365 652 2444 dignissimus3
691 2362 808 2441 relique
843 2361 994 2435 labuntur,
1028 2383 1135 2441 meque
1166 2385 1226 2426 non

318 2473 402 2523 metu
419 2471 540 2523 tantum
561 2481 668 2522 uerum
688 2462 780 2521 etiam
802 2458 905 2520 dolore
927 2461 1097 2521 conficiunt.
1140 2462 1228 2523 dolce
1255 2483 1273 2538 4

272 2591 305 2627 20
317 2563 396 2622 enim
416 2561 557 2621 feminam
576 2560 738 2619 maximam
758 2558 833 2638 eripi
856 2558 950 2618 oculis
971 2559 1113 2633 ciuitatis,
1129 2562 1228 2620 nescio

315 2681 354 2719 an
368 2658 482 2737 aliquid
499 2654 595 2718 simile
611 2658 729 2718 uisuris.

357 2757 441 2831 Quae
455 2756 578 2816 castitas
593 2755 656 2815 illi!
677 2774 755 2832 orme
770 2754 927 2815 sanctitas!
951 2762 1064 2833 quanta
1081 2755 1228 2834 grauitas!

317 2868 431 2933 quauta
453 2856 641 2913 constantia!
670 2854 717 2913 bis
739 2853 882 2912 maritum
906 2864 1008 2914 secuta
1035 2854 1065 2911 in
1089 2853 1227 2912 exsilium

317 2966 371 3023 ost,
388 2953 479 3012 tertio
494 2952 556 3029 ipsa
578 2960 702 3029 propter
719 2951 861 3010 maritum
884 2952 1023 3027 relegata.
1070 2972 1138 3010 narn
1159 2970 1226 3011 cunr
1257 2968 1273 3023 5

273 3079 304 3131 ²5
317 3051 442 3109 Senecio
457 3069 525 3108 reus
542 3059 630 3121 essct,
646 3048 729 3126 quod
749 3048 787 3108 dc
806 3048 871 3107 uita
893 3048 1016 3109 Heluidi
1040 3049 1130 3108 libros
1152 3070 1228 3109 eom-

320 3206 329 3251 l
367 3202 559 3267 probatumque
593 3206 619 3250 Μ
652 3207 877 3266 prouocaturnquc
907 3214 959 3250 oua
990 3202 1228 3267 peruulgaturnque

318 3285 439 3347 Schaqt'er
457 3285 682 3349 pc'rungatumque
701 3282 759 3334 Ouo

352 3374 395 3415 60
412 3370 441 3415 18
453 3384 505 3415 uon
515 3374 587 3415 nictu
597 3373 703 3415 unitum
713 3377 766 3415 om
778 3380 829 3413 non
842 3370 946 3413 tanturn
959 3380 1022 3413 cura
1034 3370 1059 3414 Μ
1086 3367 1115 3415 ‘21
1132 3368 1228 3418 uisuris

319 3451 526 3498 huisurusou
