2950 4175
318 384 366 434 114
505 384 534 438 0.
554 384 655 437 mm
672 385 817 440 cauom
832 385 991 441 suevum
1008 388 1061 445 ω.
1074 386 1220 453 (Vult),

316 528 512 592 Vadimonis:
546 530 635 591 simul
662 531 809 610 quaedam
837 532 1024 595 incredibilia
1046 540 1217 595 narrem

286 626 440 708 dperueni
454 628 493 689 ad
508 629 613 707 ipsum.
650 628 731 691 lacus
746 638 792 691 est
806 630 837 690 in
851 630 1079 693 similitudinem
1092 630 1219 693 iacentia

316 735 400 787 rotae
427 726 667 805 circumscriptus
694 735 726 788 et
756 728 888 808 undique
921 727 1073 808 aequalius
1116 726 1219 789 nullus

315 823 406 895 sinus,
422 821 583 900 obliquitas
597 822 687 893 nulla,
703 825 803 884 omnia
818 824 961 899 dimensa,
975 825 1067 906 paria,
1081 832 1115 886 et
1130 826 1219 905 quasi

315 919 438 979 artificis
451 938 542 978 manu
556 927 662 979 cavata
675 929 707 981 et
721 922 828 983 excisa
859 922 941 985 color
950 922 1069 987 caerulo
1078 920 1215 999 albidior,
1246 938 1263 995 5

314 1015 450 1088 uiridior,
460 1024 492 1075 et
500 1034 643 1095 pressior
657 1016 789 1097 sulpuris
799 1019 873 1081 odor
883 1038 1030 1101 saporque
1039 1018 1216 1097 medicatus,

198 1106 240 1153 -’·“
314 1113 362 1174 uis
384 1132 444 1192 qua
466 1113 561 1174 fracta
582 1113 758 1176 solidantur
801 1118 932 1196 spatium
955 1117 1112 1193 modicum,
1133 1118 1217 1197 quod

186 1187 251 1280 l.
285 1212 417 1272 ttamen
434 1211 546 1272 sentiat
564 1221 671 1273 uentos
690 1221 722 1274 et
740 1213 883 1276 fluctibus
901 1215 1090 1277 intumescat
1132 1214 1219 1277 nulla

314 1308 346 1368 in
361 1309 417 1370 hoc
431 1309 517 1368 nauis
532 1309 627 1388 (sacer
640 1311 741 1387 enim),
758 1310 834 1371 sed
825 1322 964 1373 innatant
982 1312 1104 1387 insulae,
1119 1312 1217 1375 herbi-

313 1405 370 1467 dae
385 1426 488 1467 omnes
503 1407 670 1469 harundine
685 1416 717 1468 et
730 1409 827 1480 iunco,
843 1429 980 1488 quaeque
989 1410 1048 1472 alia
1061 1409 1217 1473 iecrrndior
1232 1428 1263 1467 ¹0

314 1504 400 1584 palus
415 1504 539 1584 ipsaque
553 1503 604 1565 illa
618 1506 793 1566 extremitas
810 1504 892 1566 lacus
905 1507 998 1568 effert
1041 1527 1094 1568 sua
1108 1508 1216 1589 cuique

314 1601 410 1682 figura
424 1610 459 1662 ut
469 1601 594 1663 modus:
614 1603 730 1663 cunctis
741 1621 844 1683 margo
853 1602 984 1678 derasus,
996 1605 1067 1682 qnia
1080 1605 1216 1684 frequen-

313 1706 361 1759 ter
375 1698 423 1759 uel
438 1698 518 1759 litori
534 1699 582 1759 uel
599 1699 655 1759 sibi
675 1698 770 1758 illisae
790 1708 893 1760 terunt
912 1709 1117 1781 terunturque.
1160 1722 1216 1783 par

313 1797 452 1859 omnibus
479 1795 618 1871 altitudo,
647 1817 701 1876 par
728 1796 854 1872 leuitas;
887 1798 999 1878 quippe
1027 1799 1059 1859 in
1085 1798 1215 1879 speciem

283 1895 431 1956 docrinae
458 1893 564 1955 humili
592 1893 691 1955 radice
718 1893 911 1963 descendunt
965 1895 1037 1956 haec
1066 1896 1105 1958 ab
1132 1896 1215 1958 omni
1231 1916 1259 1970 ις

312 1991 406 2053 latere
419 1992 599 2072 perspicitur
612 1991 776 2071 eademque
787 2011 929 2072 suspensa
939 1992 1051 2073 pariter
1064 2001 1095 2055 et
1109 1999 1213 2056 mersa

313 2090 465 2152 interdum
487 2091 606 2151 iunctae
626 2090 841 2170 copulataeque
863 2098 894 2151 ot
914 2090 1081 2151 continenti
1102 2091 1215 2154 similes

312 2196 392 2262 sunt,
408 2188 561 2250 interdum
574 2187 815 2250 discordantibus
833 2188 933 2250 uentis
949 2188 1138 2270 digeruntur,
1153 2208 1215 2251 non

219 2357 223 2365 ⁵
312 2306 467 2366 nunquam
491 2287 655 2348 destitutae
678 2286 897 2366 tranquillitate
925 2286 1059 2368 singulae
1083 2287 1211 2349 fluitant.

214 2395 252 2411 “·
283 2381 401 2465 'lsaepe
428 2385 557 2446 minores
587 2386 749 2446 maioribus
776 2386 861 2447 uelut
888 2385 1044 2447 cumbulae
1071 2385 1214 2448 onerariis
1227 2405 1259 2442 ao

312 2482 537 2557 adhaerescunt,
550 2504 637 2563 saepo
651 2483 731 2544 inter
742 2504 774 2545 se
784 2484 911 2544 maiores
925 2483 1113 2563 minoresque
1126 2484 1212 2563 quasi

311 2601 431 2644 cursum
456 2590 666 2661 certamenque
700 2582 881 2656 desumunt;
921 2600 1023 2642 rursus
1050 2601 1153 2642 omncs
1181 2582 1213 2643 in

312 2678 442 2741 eundem
468 2678 566 2740 locum
594 2679 744 2759 adpulsae,
770 2699 830 2759 qua
856 2687 1006 2740 steterunt
1034 2689 1212 2758 promouent

313 2785 433 2848 terram,
456 2785 487 2835 ct
508 2776 596 2837 morlo
614 2776 669 2837 hac
686 2776 775 2837 modo
794 2775 845 2837 illa
866 2775 961 2837 lacum
984 2775 1115 2836 reddunt
1134 2775 1213 2837 ausc·

313 2884 443 2954 runtquc
453 2897 461 2947 ;
486 2895 519 2934 ac
537 2886 601 2935 tum
622 2874 752 2948 demum,
772 2894 838 2934 curn
856 2872 987 2934 medinm
1005 2884 1134 2948 tenuero,
1152 2894 1211 2935 non
1227 2895 1257 2948 ις

311 3038 373 3089 tac
393 3035 505 3101 pressior
521 3040 578 3095 (om,
593 3036 714 3095 uiridior)
731 3036 847 3101 sulpure,
864 3035 931 3085 odor
947 3047 965 3084 a
984 3034 1062 3085 uiridi
1083 3035 1213 3085 austerior

312 3124 340 3168 ct
362 3118 484 3183 pressior,
503 3118 618 3182 sulpuris
639 3117 750 3167 odoror
770 3116 848 3167 uiridi
871 3116 991 3182 pressior,
1012 3117 1126 3181 sulpuris
1147 3116 1213 3168 odor

314 3200 372 3251 Keil
403 3201 505 3249 lleninr
523 3206 563 3249 cst
580 3199 625 3249 sod
642 3213 660 3249 a
696 3200 725 3249 10
743 3200 820 3249 iunco
836 3203 930 3257 tectae,
947 3214 1066 3263 quaeque
1082 3212 1100 3248 a
1134 3200 1164 3248 12
1181 3203 1213 3249 nt

312 3295 330 3332 a
342 3283 384 3331 uel
402 3282 449 3331 uf
464 3290 494 3329 ut
512 3286 598 3330 motus
616 3281 758 3336 enemim.
777 3281 824 3341 cst
847 3280 946 3329 chlins
989 3282 1019 3329 lli
1036 3279 1126 3329 eutem
1143 3296 1212 3345 aqua

313 3365 414 3431 pariter
430 3380 554 3428 suspensas
571 3370 599 3412 ct
616 3379 699 3411 nnusn
715 3375 733 3411 a
778 3364 804 3415 l'i
821 3361 980 3411 continentis
998 3361 1096 3410 similes
1113 3369 1177 3410 eunt
1195 3374 1213 3411 a

311 3447 345 3496 23
362 3446 473 3496 cundem
494 3462 541 3492 einr.
564 3450 588 3493 m
627 3446 659 3493 ’24
686 3443 746 3492 illac
768 3457 785 3492 a
826 3446 858 3492 25
882 3460 912 3492 nc
936 3450 991 3492 tuni
1013 3457 1028 3491 ι·
1048 3459 1078 3491 nc
1100 3442 1163 3492 dum
1186 3448 1211 3492 11

312 3535 454 3578 auctusne
