2950 4175
273 383 318 444 16,
335 384 385 447 (11.
395 384 423 446 6)
514 381 711 435 EPISTVLAE
733 382 922 434 SELEGPAE.
1140 381 1172 436 27

273 533 338 592 llere
365 537 422 590 aut
449 529 570 589 omnino
600 542 726 590 mortem
761 549 875 602 uocare,
910 549 972 607 qua
1006 528 1084 587 tanti
1113 527 1171 587 uiri

272 627 436 689 mortalitas
460 626 556 707 magis
578 627 663 686 finita
685 648 774 706 quam
799 627 863 687 uita
885 635 939 687 ast.
984 625 1062 684 uiuit
1091 625 1170 684 enim
1184 627 1215 685 11

273 727 412 804 uiuetque
440 744 558 804 semper
590 734 681 804 atque
715 726 806 785 ctiam
841 724 931 785 latius
965 724 997 782 iu
1026 722 1170 783 memoria

272 824 424 884 hominum
438 832 470 886 et
484 843 617 884 sermone
639 825 814 896 uersabitur,
836 831 997 903 postquam
1018 822 1057 881 ab
1076 821 1169 881 oculis

252 921 397 988 §recessit
449 920 520 981 uolo
547 921 601 980 tibi
629 922 723 981 multa
751 921 810 981 alia
837 920 973 992 scribere,
1003 919 1057 979 sed
1085 920 1215 977 totus12

272 1018 384 1079 animus
418 1017 450 1078 in
485 1016 541 1078 hae
574 1039 633 1078 una
673 1018 925 1098 contemplatione
959 1017 1077 1077 defixus
1112 1024 1166 1076 est.

273 1113 445 1197 Verginium
467 1115 574 1195 cogito,
596 1114 773 1196 Verginium
793 1115 891 1187 uideo,
914 1113 1093 1193 Verginium
1108 1113 1168 1172 iam

274 1214 351 1274 uanis
365 1212 554 1294 imaginibus,
576 1213 744 1273 recentibus
765 1223 874 1286 tamen,
896 1212 995 1285 audio,
1011 1212 1166 1290 adloquor,

274 1318 373 1386 taneo3
393 1311 442 1372 oui
464 1311 589 1372 fortasse
609 1311 725 1390 aliquos
746 1311 826 1372 ciues
847 1309 1013 1371 uirtutibus
1035 1330 1122 1389 pares
1137 1319 1168 1370 et

244 1415 266 1456 ¹⁰
274 1407 410 1470 babemus
423 1417 457 1471 et
470 1409 650 1484 habebimus,
666 1410 761 1491 gloria
774 1409 931 1470 neminem.
975 1409 1050 1470 uale.

604 1570 674 1663 lm.
708 1607 756 1668 (11.
770 1609 807 1668 a.)

489 1722 518 1774 c.
538 1722 683 1774 rnurvs
701 1722 812 1774 nvno
829 1721 896 1774 svo
914 1723 939 1774 s.

306 1840 444 1920 Longum
468 1847 514 1899 est
540 1838 629 1900 altius
653 1850 795 1918 repetere,
821 1859 876 1900 noo
899 1839 993 1899 refert
1013 1859 1103 1917 quem
1128 1839 1167 1899 ad
1205 1845 1220 1901 1

273 1938 389 2000 medum
402 1937 545 2000 acciderit
557 1946 593 1998 ut
611 1938 700 1999 homo
713 1938 836 1998 minime
854 1937 1010 1999 familiaris
1029 1959 1168 1999 cenarem

243 2051 263 2106 15
272 2036 344 2118 apud
354 2035 514 2117 quendam,
527 2044 562 2096 ut
570 2035 625 2097 sibi
635 2035 802 2109 uidebatur,
813 2035 930 2097 lautum
939 2047 971 2097 et
979 2036 1165 2118 diligentem,

272 2144 302 2195 ut
313 2135 398 2208 mihi,
410 2134 563 2196 sordidum
577 2134 665 2195 simul
679 2145 711 2195 et
720 2129 937 2214 sumptuosum.
980 2157 1050 2195 nam
1065 2136 1122 2195 sibi
1137 2147 1168 2196 et
1205 2141 1221 2196 2

271 2234 366 2312 paucis
377 2233 478 2313 opima
487 2232 641 2311 quaedam,
654 2233 759 2293 ceteris
770 2231 842 2292 uilia
853 2243 885 2293 ot
894 2234 1012 2293 minuta
1026 2234 1166 2312 ponebat.

271 2332 371 2392 uinum
396 2332 486 2392 etiam
511 2331 642 2411 paruulis
666 2330 831 2411 lagunculis
855 2332 887 2390 in
911 2333 970 2391 tria
994 2352 1106 2411 genera
1126 2332 1168 2392 di-

271 2430 432 2510 scripserat,
453 2450 513 2489 non
531 2440 567 2490 ut
584 2440 715 2510 potestas
735 2429 873 2510 eligendi,
894 2429 946 2489 sed
966 2449 1003 2489 ne
1023 2430 1070 2488 ius
1089 2439 1168 2491 essct

240 2526 432 2598 ”recusandi
448 2525 530 2587 aliud
545 2527 600 2587 sibi
618 2537 649 2587 et
673 2528 766 2600 nobie,
783 2526 865 2587 aliud
885 2527 1050 2587 minoribus
1064 2528 1168 2589 amicis

271 2625 349 2702 (uem
372 2624 523 2706 gradatim
546 2626 656 2686 amicos
676 2625 787 2699 babet),
810 2623 893 2685 aliud
914 2626 976 2685 suis
997 2627 1168 2706 nostrisque

271 2719 390 2784 libertis.
432 2722 646 2783 animaduertit
655 2724 706 2803 qui
721 2723 794 2783 mihi
806 2724 960 2803 proximus
974 2724 1167 2785 recumbebat
1205 2730 1222 2786 3

271 2829 362 2881 etan
390 2820 546 2900 probarem
577 2822 781 2901 interrogauit.
832 2823 948 2903 negaui.
1001 2832 1052 2882 ‘tu
1081 2823 1169 2902 crgo'

271 2917 365 2997 inquit
402 2925 508 2998 ‘quam
543 2920 786 2980 cousuetudinem
824 2922 991 2999 sequerisl'
1048 2922 1168 2982 ‘eadem

239 3016 404 3079 uomnibus
419 3037 515 3097 pono:
536 3018 574 3077 ad
593 3039 694 3078 cenam
709 3019 796 3090 enim,
813 3039 872 3079 non
891 3020 1051 3080 admotam
1071 3022 1169 3082 inuito
1199 3000 1214 3034 ⁸

271 3150 364 3199 duola
383 3153 472 3199 Brona
490 3150 562 3199 uolui
579 3149 646 3199 uvf
682 3153 696 3203 7
719 3153 806 3217 cogito
824 3151 977 3216 Verginium
995 3170 1044 3203 om.
1066 3160 1114 3204 MV
1153 3160 1168 3201 a

271 3230 417 3282 recentibus
425 3247 472 3281 om.
485 3236 523 3280 B?
548 3231 677 3296 9sliquos
687 3233 758 3282 ciues
769 3238 840 3284 Brea
850 3234 922 3283 ciues
934 3235 1036 3299 aliquos
1048 3241 1112 3285 uva
1141 3240 1170 3296 (B

271 3313 421 3377 eufrasium
434 3313 473 3363 11.
487 3317 510 3371 4.
525 3316 698 3363 texstiterim
709 3322 734 3364 lo
747 3315 785 3364 II.
802 3319 839 3365 lt.
853 3316 1144 3383 monstrandumque)

302 3402 340 3445 10
359 3397 388 3449 17
403 3395 490 3460 opima
501 3399 570 3445 roua
581 3396 681 3461 optima
691 3401 740 3446 HV
770 3398 803 3447 24
815 3399 931 3464 sequeris
943 3400 1065 3465 respondi
1078 3400 1169 3451 eadem

272 3478 315 3526 Ιν

302 3585 464 3634 Ἷἰ-ι
1123 3566 1218 3615 “;1
