2950 4175
317 381 350 431 en
521 378 550 433 c.
571 378 834 433 medensem
849 378 1008 433 snorum
1050 378 1222 443 mutu

499 676 501 680 ,
675 625 727 681 43.
761 625 821 687 (VI.
834 628 873 689 7.)
904 637 933 679 ιτ

457 740 486 791 c.
512 738 659 791 PLINIVS
681 739 917 793 CALPVRNIAE
937 740 1033 795 SVAE
1054 740 1082 795 b

291 887 307 943 1
361 872 472 933 Scribis
499 879 530 932 te
557 870 693 932 absentie
727 892 795 933 mec
828 892 888 934 non
917 872 1109 937 mediocriter
1134 872 1223 935 adlici

320 989 474 1046 unumque
488 967 598 1028 hebere
611 968 762 1042 solacium,
777 969 860 1049 quod
879 990 934 1050 pro
947 990 996 1031 me
1009 970 1127 1033 libellos
1139 989 1223 1031 meos

290 1075 430 1140 ntenees,
447 1084 535 1144 saepe
548 1065 639 1126 etiem
653 1064 683 1125 in
699 1065 829 1147 uestigio
843 1085 911 1129 meo
925 1066 1058 1129 oolloees.
1100 1074 1223 1149 grutem
1255 1081 1271 1136 s

320 1173 367 1225 est
394 1162 475 1242 quod
504 1182 558 1224 nos
585 1162 720 1242 requiris,
749 1172 871 1245 gratum
897 1163 979 1245 quod
1005 1164 1054 1227 his
1080 1163 1225 1225 fomentis

319 1261 504 1341 adquiescis:
524 1261 556 1321 in
577 1261 673 1322 uicem
694 1280 751 1341 ego
764 1260 906 1341 epistulae
926 1269 995 1323 tues
1013 1260 1119 1323 lectito
1131 1269 1225 1341 etque

320 1358 487 1421 identidem
506 1359 538 1418 in
559 1378 666 1420 munus
679 1359 765 1438 quesi
779 1378 874 1421 nouss
886 1378 972 1421 sumo
981 1382 991 1435 3
1010 1358 1064 1421 sed
1077 1378 1116 1421 eo
1128 1358 1227 1441 magle

291 1458 359 1529 aad
386 1455 568 1518 desiderium
596 1456 642 1517 tui
675 1456 829 1517 accendor.
884 1474 954 1517 nem
986 1456 1072 1517 ouius
1105 1454 1228 1519 bunne

321 1563 442 1616 tentum
462 1553 575 1615 hebent
588 1553 756 1624 nmuitetis,
771 1553 861 1615 buius
876 1552 1062 1615 sermonibus
1075 1561 1227 1633 quonum
1244 1572 1275 1610 ιο

320 1651 487 1713 dulcedinis
521 1651 618 1712 inest!
669 1658 704 1710 tu
732 1659 832 1711 temen
859 1670 949 1730 quem
982 1648 1226 1731 frequentissiine

320 1750 424 1822 scribe,
440 1749 512 1809 lieet
525 1748 581 1810 hoe
594 1747 638 1808 ite
652 1767 700 1808 me
713 1747 844 1809 delectet
857 1757 893 1808 ut
905 1756 1053 1828 torquent
1095 1746 1173 1810 uelo

661 2023 714 2079 44„
730 1978 809 2084 lin.
830 2025 883 2088 ιο.)

530 2139 560 2192 0.
581 2139 729 2192 PLINIVS
746 2133 883 2190 ALBINO
899 2133 967 2186 SVO
984 2133 1011 2186 8.

292 2286 309 2343 1
362 2275 440 2338 Cum
465 2274 614 2335 uenissem
637 2273 669 2334 in
692 2289 794 2333 socrus
819 2287 902 2329 mece
923 2265 1025 2328 uillam
1045 2265 1225 2340 Alsiensem,
1245 2277 1275 2333 ¹5

321 2394 398 2455 quae
426 2372 589 2452 aliquando
617 2371 686 2432 Rufi
709 2368 834 2450 Vergini
863 2366 929 2440 luit,
954 2366 1018 2446 ipse
1041 2363 1117 2426 mibi
1144 2364 1228 2427 locut

322 2472 430 2553 optimi
457 2470 538 2531 illius
566 2478 598 2532 et
625 2468 749 2530 maximi
778 2465 835 2527 ulri
864 2463 1046 2526 desiderium
1073 2482 1135 2525 non
1162 2463 1228 2524 siue

322 2570 426 2631 dolore
439 2568 604 2630 renouauit
648 2567 728 2628 huno
743 2565 823 2625 enim
833 2562 961 2624 incolere
973 2579 1122 2623 secessum
1135 2567 1229 2640 etque

324 2668 415 2728 etiam
438 2665 602 2726 senectutis
625 2683 697 2724 suec
722 2661 860 2723 nidulum
887 2677 993 2722 uocare
1020 2665 1227 2721 consueuerat

195 2769 197 2774 ’
295 2769 513 2841 2quocumque
529 2779 576 2819 me
591 2756 792 2826 contulissem,
809 2754 894 2815 illum
908 2754 1033 2825 enimus,
1048 2751 1134 2813 illum
1149 2751 1228 2813 oculi
1244 2767 1278 2805 το

326 2858 526 2937 requirebant.
570 2856 659 2916 libuit
681 2857 771 2916 utinm
794 2855 1010 2915 monimentum
1030 2852 1094 2913 eius
1114 2849 1227 2921 uidero,

297 2964 358 3020 3ct
381 2956 493 3016 uidisse
516 2954 673 3033 paenituit.
717 2962 764 3014 cst
785 2953 864 3014 onim
888 2951 985 3012 adhue
1009 2947 1227 3030 imperfectum,

329 3075 381 3114 uec
395 3052 554 3112 ‹llllieultus
570 3052 667 3131 operis
682 3052 711 3110 in
724 3071 819 3123 cause,
834 3050 939 3110 modici
954 3069 988 3108 ac
1003 3048 1104 3127 cretius
1115 3046 1228 3128 exigui,

328 3151 380 3213 sed
403 3151 512 3211 inertis
534 3150 598 3211 cius
618 3151 665 3210 eui
695 3168 766 3210 eure
791 3146 932 3209 mandute
953 3156 1006 3207 est.
1049 3144 1133 3206 subit
1155 3142 1230 3204 indi-

361 3320 404 3361 4³
422 3315 438 3362 6
451 3321 492 3362 est
542 3318 645 3375 gentum
658 3317 691 3365 u.
704 3327 753 3361 om.
768 3324 819 3360 oue.
853 3311 877 3359 ll
898 3325 975 3375 quium
988 3312 1021 3362 u.
1034 3323 1082 3357 om.
1097 3318 1150 3357 oua

362 3403 405 3443 44
427 3397 455 3442 lll
472 3393 613 3457 aliquando
624 3406 676 3444 οιιι
688 3392 841 3458 eliqunndiu
854 3398 879 3441 Μ
916 3394 943 3439 lu
962 3390 1118 3441 incolerent
1130 3388 1173 3452 (cs.
1188 3387 1227 3438 11.

334 3483 369 3529 17.
386 3482 428 3534 39)
441 3478 466 3525 iu
478 3475 563 3524 colon·
574 3488 592 3524 ιι
603 3475 688 3525 melem
699 3479 725 3524 u
