2950 4175
267 390 300 439 62
474 389 503 439 C.
524 387 627 438 PLINI
644 386 790 438 CAECILI
808 386 967 438 suevum
1009 387 1063 442 30.
1081 386 1138 448 (IV.
1148 385 1179 447 2)

611 858 747 922 LIBER
778 860 835 925 IV.

601 1102 612 1118 ³
625 1095 679 1151 30.
712 1095 772 1156 (IV.
786 1096 824 1158 2)

391 1230 421 1281 C.
443 1228 591 1280 PLINIVS
609 1227 719 1278 A'I'I'IO
735 1227 925 1279 cultuum
941 1228 1011 1280 SVO
1027 1227 1054 1280 ὓ

237 1409 252 1463 1
308 1363 442 1445 Regulus
456 1363 552 1422 filium
566 1363 676 1435 amisit,
691 1361 748 1422 hoc
762 1381 823 1421 uno
837 1360 915 1421 malo
929 1361 1080 1442 indignus,
1096 1363 1180 1441 quod

268 1463 365 1523 nescio
388 1481 427 1519 an
444 1459 557 1519 malum
577 1468 672 1539 putet.
726 1468 792 1518 erat
805 1479 880 1538 puer
897 1459 973 1518 acris
991 1459 1106 1540 ingenii
1124 1460 1180 1520 sed
1211 1479 1224 1530 5

268 1558 409 1638 ambigui,
423 1557 475 1635 qui
491 1567 593 1615 tamen
609 1564 710 1634 posset
720 1564 803 1614 recta
816 1555 931 1627 sectari,
944 1555 969 1614 si
984 1565 1102 1635 patrem
1116 1577 1178 1616 non

237 1667 254 1721 2
268 1657 401 1716 referret.
446 1654 526 1712 hunc
542 1652 677 1731 Regulus
691 1652 900 1731 emancipauit,
917 1662 952 1710 ut
971 1651 1057 1712 heres
1072 1655 1179 1714 matris

268 1755 448 1825 exsisteret3
491 1750 695 1829 mancipatum
737 1749 794 1827 (ita
835 1748 927 1829 uulgo
968 1770 1006 1809 ex
1044 1751 1178 1811 moribus

268 1851 397 1912 hominis
426 1848 641 1927 loquebantur)
671 1847 759 1906 foeda
787 1856 819 1906 ct
852 1847 972 1907 insolita
1001 1849 1178 1927 parentibus

267 1947 474 2029 indulgentiae
504 1945 696 2005 simulatione
724 1943 874 2023 captabat.
918 1944 1100 2018 incredibile,
1123 1946 1224 2016 scd10

237 2045 419 2128 3Regulum
455 2044 563 2125 cogita.
621 2043 763 2103 amissum
803 2051 904 2102 tamen
942 2040 1027 2123 luget
1062 2044 1175 2105 insane.

268 2146 398 2205 habebat
411 2164 487 2223 puer
506 2143 664 2202 mannulos
684 2141 796 2201 multos
816 2152 848 2200 et
866 2141 983 2201 iunctos
1002 2150 1034 2201 et
1052 2142 1174 2216 solutos,

268 2243 398 2302 habebat
412 2261 500 2301 canes
520 2240 647 2299 maiores
668 2239 865 2317 minoresque,
883 2237 1013 2298 habebat
1027 2238 1174 2313 luscinias,

268 2341 418 2419 psittacos,
457 2337 604 2397 merulas:
649 2357 753 2396 omues
791 2336 924 2416 Regulus
959 2336 1037 2396 circa
1070 2359 1176 2418 rogum

238 2445 255 2499 4
268 2437 440 2497 trucidant.
484 2456 539 2495 nee
552 2435 639 2495 dolor
654 2445 719 2494 erat
733 2434 792 2506 ille,
809 2435 862 2494 sed
876 2436 1040 2496 ostentatio
1054 2436 1174 2521 doloris
1193 2466 1202 2503 1
1206 2464 1219 2517 ς

268 2536 447 2597 conuenitur
470 2533 510 2593 ad
538 2553 607 2592 eum
636 2533 712 2591 mira
738 2533 920 2595 celebritate.
966 2537 1067 2597 cuncti
1094 2537 1176 2597 dete-

268 2644 396 2706 stantur,
422 2631 560 2703 oderunt,
587 2640 620 2690 et
647 2632 731 2710 quusi
762 2633 897 2711 probent,
923 2636 1007 2713 quasi
1035 2635 1174 2716 diligant,

268 2740 397 2803 cursant,
427 2730 630 2807 frequentant,
663 2740 757 2809 utque
794 2732 926 2793 breuiter
963 2732 1043 2812 quod
1077 2733 1175 2792 sentio

269 2830 431 2900 enuntiem,
448 2829 478 2886 iu
505 2830 621 2910 Regulo
645 2831 827 2890 demerendo
843 2832 991 2912 Regulum
1006 2833 1173 2892 imitantur.

239 2942 256 2997 5
269 2940 353 2989 tenet
367 2949 398 2986 se
414 2938 497 2986 tinus
512 2930 644 2990 Tiberim
662 2933 691 2991 in
707 2932 811 3003 hortis
828 2932 858 2990 iu
873 2932 981 3010 quibus
996 2931 1174 2992 latissimum
1190 2959 1221 2995 20

269 3028 363 3088 solum
374 3029 539 3107 porticibus
549 3032 709 3094 immensis,
716 3032 739 3090 ri
744 3053 810 3110 quun
821 3032 928 3090 statuis
937 3032 998 3090 suis
1007 3033 1173 3111 oeeupuuit.

270 3139 304 3186 ut
330 3136 376 3186 est
405 3129 435 3186 iu
465 3151 582 3189 summa
610 3131 738 3189 ouantia
767 3142 966 3208 sumptuosus,
997 3130 1027 3188 iu
1058 3150 1175 3190 suuuna

303 3315 346 3356 ³0
363 3311 379 3359 3
397 3311 484 3358 Amo
494 3325 541 3357 oni.
554 3309 625 3357 codd.
638 3309 758 3367 (tulitin
773 3309 859 3358 irulrrl
872 3307 1010 3356 Adnttium
1025 3338 1029 3346 ·
1043 3308 1142 3357 cleriren
1157 3314 1174 3368 -J

270 3395 285 3438 8
308 3392 486 3455 mancipatum
514 3396 602 3439 Brona
624 3390 817 3451 erriuueiqmtuur
842 3389 908 3437 uvf
949 3392 965 3437 9
988 3390 1105 3439 homines
1128 3396 1175 3439 HV

273 3476 297 3522 ll
319 3474 409 3522 insane
420 3489 469 3521 om.
484 3476 521 3520 BF
