2950 4175
313 412 343 460 12
520 409 549 460 C.
570 409 672 460 PLINI
688 408 835 461 cauom
851 410 1007 463 suevum
1081 411 1111 468 8.
1130 411 1163 472 (1.
1177 411 1218 474 12)

310 557 401 614 sitate
429 567 484 626 est,
514 554 554 614 ad
588 555 645 615 hoc
678 555 837 616 consilium
863 558 1015 637 compulit,
1045 577 1218 636 quanquam
1288 526 1306 637 Β

311 653 455 731 plurimas
470 651 595 711 uiuendi
608 671 713 712 causas
726 652 896 726 habentem,
912 657 1056 735 optimam
1070 655 1218 716 conscien-

311 750 393 820 tiam,
416 749 563 826 optimam
584 749 704 821 famam,
720 751 883 810 maximam
903 753 1120 826 auctoritatem,
1136 773 1219 831 prae·

311 857 395 906 terea
418 846 520 916 filiam,
545 865 679 917 uxorem,
700 855 849 925 nepotem,
869 869 990 923 sorores,
1013 850 1152 928 interque
1171 858 1219 911 tot

281 944 438 1022 4pignora
466 962 554 1002 ueros
581 943 700 1004 amicos.
744 943 798 1004 sed
825 953 889 1005 tam
913 946 1009 1028 longa,
1032 956 1095 1006 tam
1114 947 1219 1026 iniqua
1249 963 1262 1016 5

312 1039 487 1099 ualetudine
502 1039 733 1101 conflictabatur
746 1050 782 1102 ut
795 1042 868 1104 haee
882 1051 969 1104 tanta
982 1045 1079 1125 pretia
1095 1044 1219 1106 uiuendi

224 1166 230 1201 ι
312 1137 418 1196 mortis
431 1136 601 1197 rationibus
615 1137 817 1201 uincerentur.

224 1240 251 1249 “’
352 1234 457 1294 Tertio
485 1242 517 1294 et
545 1235 718 1297 tricensimo
745 1257 833 1310 anuo,
862 1247 899 1298 ιιι
925 1239 1022 1318 ipsum
1050 1238 1217 1312 audiebam,

312 1331 424 1410 pedum
451 1331 556 1392 dolore
583 1342 740 1413 correptus
761 1343 815 1394 ast.
858 1337 973 1414 patrius
995 1337 1043 1396 hio
1063 1336 1125 1396 illi:
1150 1356 1220 1396 nam

312 1429 491 1508 plerumque
511 1430 610 1504 morbi
630 1450 751 1510 quoque
772 1451 826 1511 per
847 1434 1044 1493 successiones
1064 1433 1217 1510 quasdam,
1235 1450 1265 1487 ¹0

282 1529 299 1584 5
312 1537 348 1586 nt
361 1527 428 1599 alia,
445 1527 617 1590 traduntur.
644 1529 725 1590 huuc
734 1529 926 1603 abstinentia,
939 1531 1106 1603 sanctitate,
1119 1529 1219 1608 quoad

312 1625 418 1685 uiridis
432 1636 524 1699 aetas,
541 1627 616 1688 uicit
629 1634 662 1688 et
675 1627 768 1706 fregit
780 1649 788 1701 3
809 1628 969 1688 nouissime
983 1648 1050 1688 cum
1064 1634 1219 1688 senectute

282 1728 299 1783 6
312 1724 573 1803 ingrauescentem
587 1724 703 1784 uiribus
717 1724 811 1783 animi
824 1724 999 1798 sustinebat,
1015 1745 1082 1785 cum
1097 1723 1219 1802 quidem

312 1820 503 1880 incredibiles
525 1821 676 1882 cruciatus
694 1828 727 1881 at
745 1820 953 1902 indignissima
971 1829 1122 1882 tormenta
1137 1829 1219 1900 pate·

311 1928 404 1978 retur.
448 1919 509 1978 iam
530 1919 612 1979 enim
631 1917 719 1979 dolor
738 1938 800 1978 nou
819 1918 944 1997 pedibus
965 1919 1042 1992 solis,
1063 1927 1099 1978 ut
1126 1918 1217 1998 prius,
1235 1937 1263 1992 ις

312 2017 463 2077 insidebat
477 2017 531 2078 sed
545 2017 647 2078 omnia
665 2017 801 2078 mambra
819 2017 1047 2098 peruagabatur.
1091 2016 1161 2076 ueni
1179 2015 1219 2076 ad

313 2136 381 2175 enm
405 2116 573 2176 Domitiani
596 2115 783 2195 temporibus
804 2116 836 2175 in
864 2115 1034 2175 suburbano
1061 2114 1217 2176 iacentem.

282 2223 299 2278 7
312 2214 392 2272 serui
406 2234 423 2273 e
442 2213 579 2273 eubiculo
593 2222 799 2274 recesserunt:
820 2213 951 2273 habebat
965 2212 1020 2272 hoc
1034 2212 1132 2285 moris,
1148 2231 1220 2289 quo

312 2312 391 2371 tiens
425 2313 569 2371 intrasset
603 2311 720 2372 fidelior
748 2312 879 2384 amicus;
912 2310 985 2388 quin
1014 2310 1104 2369 etiam
1132 2329 1216 2382 uxor,

303 2430 485 2487 ,quanquam
508 2409 605 2468 omnis
633 2408 742 2469 secreti
763 2408 961 2487 capacissima,
984 2406 1216 2487 digrediebatur.
1232 2425 1264 2461 20

282 2515 299 2569 8
312 2506 498 2566 circumtulit
512 2506 613 2567 oculos
627 2514 660 2566 et
671 2504 749 2566 ‘our'
758 2505 859 2583 inquit
874 2511 939 2565 ‘me
953 2513 1040 2583 putas
1054 2504 1218 2563 hostantos

312 2603 429 2663 dolores
444 2614 508 2663 tam
522 2602 576 2663 diu
591 2603 759 2663 sustineret
799 2611 835 2663 ut
848 2602 961 2663 scilieet
975 2602 1025 2661 isti
1044 2600 1154 2661 latroni
1168 2600 1217 2661 uel

312 2722 372 2760 uno
391 2701 440 2760 dic
461 2699 628 2779 supersim’
668 2700 802 2761 dedisses
819 2700 889 2761 huic
908 2700 1008 2760 animo
1026 2719 1080 2778 par
1100 2718 1216 2777 corpus,

312 2800 430 2859 lecisset
444 2798 526 2877 quod
541 2798 674 2877 optabat,

353 2896 462 2956 Adfuit
478 2908 580 2955 tamon
597 2896 670 2957 deus
685 2906 767 2969 uoto,
783 2898 868 2957 cuius
887 2896 937 2956 ille
957 2915 1083 2974 compos,
1104 2904 1139 2954 ut
1157 2893 1217 2953 iam
1231 2909 1261 2960 25

311 3015 431 3055 securus
446 2994 581 3073 liberque
594 2996 766 3066 moriturus,
779 2993 875 3053 multa
885 2993 937 3052 illa
948 2993 1028 3052 uitae
1039 2991 1091 3051 sed
1102 2990 1216 3050 minora

281 3093 476 3161 oratiuncula
498 3094 628 3172 abrupit.
672 3093 841 3153 increuerat
862 3091 1012 3161 ualetudo,
1035 3110 1124 3168 quam
1144 3098 1216 3148 tom-

311 3192 447 3270 pcrantia
457 3191 597 3271 mitigare
607 3190 784 3269 temptauit3
799 3199 1039 3268 perseuerantem
1048 3186 1217 3247 constantia

309 3419 325 3466 ⁶2
337 3420 463 3482 optimam
473 3416 660 3464 conscientiam
672 3431 720 3464 om.
736 3419 784 3462 IV
808 3416 836 3463 18
849 3413 962 3462 habebat
971 3412 1019 3462 hoc
1028 3415 1094 3461 BEV
1102 3409 1216 3460 habebnt

309 3502 377 3549 enim
392 3501 440 3549 hoc
452 3504 506 3548 ron
518 3498 632 3548 habebat
644 3500 667 3547 is
678 3497 727 3547 boe
737 3510 757 3546 a
791 3497 821 3546 19
837 3496 901 3561 quin
913 3511 961 3545 ora.
975 3498 1023 3543 HV
