2950 4175
373 352 485 433 itinn
569 368 769 422 nrrsrvmn
790 371 978 426 susumus
1194 374 1228 426 rc

670 847 803 912 trena
832 811 874 916 ri.

657 1038 727 1138 a„
762 1083 807 1145 ‹11-
830 1088 864 1145 u
1003 1084 1086 1151 a

521 1211 550 1263 C.
570 1211 715 1262 PLINIVS
734 1211 886 1262 ROMANO
903 1212 971 1264 SVO
988 1213 1014 1265 S.

369 1335 436 1398 Post
449 1339 564 1417 aliquot
577 1359 670 1399 annos
684 1339 799 1418 insigne
816 1347 907 1416 atque
922 1341 1013 1399 etiam
1028 1342 1221 1404 memorabile
1234 1348 1250 1404 l

315 1435 424 1514 spopuh·
438 1437 566 1497 Romani
580 1436 671 1497 oculis
692 1435 893 1516 spectaculum
914 1436 1053 1496 exhibuit
1067 1439 1221 1519 publicum
1279 1451 1294 1508 t

330 1529 411 1593 funus
439 1533 563 1614 Vergini
591 1534 667 1605 Rufi,
696 1533 818 1593 maximi
846 1542 877 1592 ct
904 1533 1059 1594 clarissimi
1086 1536 1161 1596 ciuis
1188 1546 1221 1596 et

326 1631 444 1710 perinde
458 1631 559 1692 felicis.
602 1632 726 1712 triginta
740 1631 825 1690 anuis
836 1631 947 1711 gloriae
958 1651 1029 1690 suae
1040 1634 1218 1711 superuixit.

324 1727 394 1810 legit
408 1730 520 1809 scripte
533 1729 570 1790 de
585 1750 615 1790 sc
629 1729 766 1801 carmina,
790 1727 862 1809 legit
884 1728 1031 1800 historias,
1051 1739 1082 1789 et
1096 1732 1250 1809 posteri-2

323 1825 376 1884 tati
397 1844 469 1884 suae
489 1823 635 1884 interfuit.
676 1823 850 1902 perfunctus
872 1830 918 1882 est
939 1822 1030 1882 tertio
1051 1823 1216 1898 consulatu,

288 1940 312 1978 ιο
322 1911 354 1983 ut'
373 1942 525 1982 summum
546 1921 698 2002 fastigium
719 1920 829 2000 priuati
844 1919 972 1979 hominis
986 1918 1134 1999 impleret,
1150 1941 1218 1980 cum

320 2020 460 2101 principis
474 2020 625 2080 noluisset.
680 2017 820 2078 Caesares
834 2017 942 2097 quibus
957 2026 1112 2098 suspectus
1126 2026 1218 2097 atquc
1232 2033 1249 2089 3

320 2119 409 2178 etiam
430 2118 545 2178 inuisus
566 2117 728 2177 uirtutibus
750 2117 848 2176 lucrat
869 2116 973 2189 euasit,
997 2116 1120 2195 reliquit
1141 2117 1218 2177 inco-
1288 2165 1298 2195 ,χ

319 2214 429 2276 lumem
443 2215 590 2295 optimum
603 2225 693 2293 atque
707 2215 925 2287 amicissimum,
936 2222 1081 2292 tanquam
1090 2214 1219 2275 adhunc

319 2309 416 2388 ipsum
444 2307 587 2369 honorem
614 2308 722 2387 publici
747 2308 860 2367 funeris
883 2317 1060 2368 reseruatus.
1104 2316 1248 2370 annuml

285 2427 308 2480 ις
319 2406 443 2465 tertium
464 2413 497 2465 et
517 2406 750 2485 octogensimum
773 2406 899 2466 excessit
922 2407 953 2465 in
975 2405 1121 2465 altissima
1137 2416 1217 2466 tran-

317 2503 476 2581 quillitate,
505 2503 570 2583 pari
597 2504 795 2564 ueneratione.
839 2524 910 2564 usus
946 2513 992 2564 est
1026 2504 1112 2563 firma
1140 2505 1217 2564 ualc-

318 2600 431 2673 tudine,
456 2600 514 2661 nisi
538 2600 618 2679 quod
639 2600 775 2661 solebant
797 2602 824 2661 ei
846 2622 952 2662 manus
975 2610 1111 2675 tremere,
1141 2604 1217 2663 citra

317 2697 450 2760 dolorem
490 2707 599 2758 tamen.
661 2698 761 2759 aditus
802 2709 921 2761 tantum
964 2701 1069 2760 mortis
1113 2699 1217 2760 durior

318 2794 499 2877 longiorque,
515 2795 628 2856 sedhic
643 2797 704 2876 ipse
722 2798 886 2857 laudabilis.
931 2820 998 2858 nam
1021 2818 1087 2856 cum
1112 2819 1214 2858 uocem
1230 2803 1246 2859 5

281 2914 307 2952 eo
317 2904 507 2974 praepararet
520 2904 640 2954 acturus
654 2896 683 2954 in
698 2896 853 2955 consulatu
865 2897 990 2976 principi
1004 2898 1122 2976 gratias,
1141 2897 1216 2956 lilrcr

317 3012 405 3071 quem
418 2991 497 3052 forte
511 3008 663 3072 acceperat
676 2993 863 3075 grandiorcm
877 3004 907 3054 ct
919 2995 979 3054 scni
996 3005 1027 3054 ct
1042 2996 1134 3054 stanti
1151 2996 1215 3076 ipso

317 3088 446 3168 pondere
460 3089 578 3169 elapsus
592 3104 644 3149 cst.
701 3091 778 3150 hunc
793 3092 864 3150 dum
880 3094 1017 3171 sequitur
1030 3092 1213 3173 colligitque,

318 3206 369 3266 per
390 3188 455 3248 leue
478 3198 511 3248 ot
534 3187 679 3249 lubricum
704 3191 909 3269 pauimentum
938 3190 1061 3251 fallente
1085 3193 1215 3272 uestigio

349 3372 385 3415 u
402 3368 418 3417 6
436 3367 538 3432 uergini
555 3372 574 3417 B
590 3368 699 3431 uerginii
711 3372 731 3417 ἲ
744 3369 859 3433 uerginci
874 3383 889 3418 o
904 3369 1000 3433 uirgini
1016 3374 1061 3420 Ha
1074 3370 1215 3436 uirginiiv

317 3446 433 3513 Virginei
444 3462 463 3499 u
473 3448 541 3498 ciuis
551 3455 580 3498 et
590 3450 697 3514 perinde
708 3454 796 3500 Brona
807 3452 872 3500 ciuis
884 3450 992 3515 perinde
1004 3455 1051 3500 HV
