2950 4175
307 399 354 448 lto
506 396 535 449 G.
555 394 657 446 PLINI
675 394 820 447 cesum
836 392 996 446 suevum
1030 392 1208 455 loulxttt
1272 414 1277 461 j

622 607 694 663 100.
729 608 773 672 (X.
787 610 820 661 79
833 609 910 671 [83].)

440 723 470 776 C.
490 722 637 775 PLINIVS
653 723 819 776 TRAIANO
836 721 1074 775 rumpamus

276 821 290 875 l
345 827 476 888 Cautum
498 836 551 898 est,
571 824 699 899 domine,
716 827 859 906 Pompeia
878 827 952 907 lege,
970 844 1049 905 quae
1070 824 1211 905 Bithynis

304 926 377 985 data
388 934 442 995 est,
456 943 494 984 ne
505 924 572 1002 quis
582 925 681 1004 capiat
694 926 905 1006 magistratum
919 942 997 985 neue
1006 923 1049 983 sit
1061 922 1094 983 in
1104 931 1210 983 senatu

305 1023 401 1082 minor
414 1041 561 1082 annerum
577 1036 657 1080 xxx.
701 1022 805 1082 eadem
820 1021 887 1104 lege
902 1018 1152 1099 eomprehensum
1165 1026 1211 1079 est
1237 1017 1250 1068 5

275 1116 340 1180 2ut
354 1119 405 1198 qui
424 1120 558 1198 eepen‘nt
572 1119 782 1201 magistratum
796 1121 857 1180 sint
870 1121 903 1181 in
916 1128 1031 1181 senatu.
1074 1127 1211 1180 seoutum

304 1227 351 1278 est
367 1216 438 1278 dein
452 1217 585 1278 edictum
605 1217 669 1279 diui
685 1219 825 1300 Augusti,
841 1239 902 1297 quo
922 1216 1060 1299 permisit
1079 1216 1211 1278 minores

274 1310 291 1366 3
304 1317 498 1397 magistratus
512 1317 551 1376 ab
565 1317 651 1377 annis
665 1332 743 1377 xxv.
760 1336 872 1396 capere.
915 1314 1072 1395 quaeritur
1085 1333 1159 1396 ergo
1172 1334 1211 1375 an

303 1416 355 1492 qui
378 1415 475 1474 minor
489 1428 570 1473 xxx.
590 1433 737 1474 annorum
758 1416 852 1495 gessit
872 1415 1067 1495 magistratus
1083 1413 1212 1492 possita

303 1512 475 1573 censoribus
489 1513 521 1571 in
535 1521 672 1571 senatum
687 1511 754 1592 legi,
773 1512 842 1571 etsi
864 1519 972 1590 potest,
988 1530 1027 1570 an
1048 1510 1069 1570 ii
1089 1529 1211 1589 queque
1227 1524 1256 1563 ιο

303 1611 356 1688 qui
371 1629 430 1669 non
441 1609 590 1690 gesserint
603 1609 719 1688 possint
730 1628 783 1686 per
793 1607 919 1668 eandem
929 1608 1211 1687 interpretationem

303 1708 342 1768 ab
363 1728 398 1768 ea
418 1715 519 1766 aetate
541 1716 693 1766 senatores
715 1704 772 1787 legi
796 1726 815 1764 a
836 1725 896 1783 qua
917 1704 976 1765 illis
999 1705 1210 1787 magistratum

303 1826 407 1887 gerere
421 1805 600 1884 permissum
613 1813 678 1879 est3
698 1802 779 1881 quod
793 1801 905 1881 alioqui
925 1802 1098 1865 factitatum
1111 1802 1212 1865 edhue

304 1916 336 1966 et
350 1925 414 1966 esse
428 1903 627 1965 necessarium
640 1902 759 1976 dieitur,
775 1901 846 1978 quia
865 1902 907 1961 sit
926 1900 1083 1981 aliquante
1103 1899 1211 1962 melius

305 2003 500 2064 honestorum
515 2001 669 2061 hominum
689 1998 798 2059 liberos
811 2019 903 2076 quam
917 2018 934 2060 e
947 1998 1035 2079 plebe
1049 1999 1081 2060 in
1095 1999 1210 2061 suriam
1227 2009 1256 2063 ¹5

275 2097 433 2162 4admitti.
477 2120 533 2182 ego
554 2121 573 2159 a
594 2098 753 2160 destinatis
775 2098 947 2159 censoribus
969 2097 1042 2178 quid
1067 2098 1210 2160 sentirem

304 2200 516 2279 interrogatus,
532 2217 582 2258 eos
596 2195 718 2275 quidem
736 2196 788 2275 qui
806 2195 936 2256 minores
950 2209 1031 2255 xxx.
1046 2195 1134 2256 annis
1146 2213 1211 2275 ges

305 2297 414 2357 sissent
438 2297 649 2377 magistratum
675 2294 817 2376 putabam
846 2313 931 2372 posse
959 2293 990 2353 in
1016 2303 1154 2353 senatum
1179 2301 1211 2352 et

306 2395 469 2456 seeundum
484 2395 616 2455 edietum
631 2395 762 2475 Augusti
783 2403 815 2453 et
836 2391 999 2453 seeundum
1014 2391 1110 2472 legem
1125 2391 1211 2451 Pom-

306 2495 402 2573 peiam
432 2493 499 2573 legi,
530 2493 671 2570 quoniam
699 2494 856 2571 Augustus
884 2510 988 2572 gerere
1015 2490 1211 2571 magistratus
1225 2503 1257 2541 20

306 2590 470 2651 minoribus
490 2591 577 2650 annis
592 2606 672 2650 xxx.
688 2591 877 2669 permisisset,
893 2588 943 2649 lex
960 2597 1128 2649 senatorem
1146 2608 1211 2649 esse

277 2689 294 2745 5
307 2689 453 2750 uoluisset
465 2688 518 2766 qui
532 2688 672 2767 gessisset
687 2689 905 2769 magistratum.
938 2686 976 2747 de
991 2687 1028 2747 iis
1041 2695 1143 2747 autem
1157 2686 1210 2765 qui

308 2808 365 2846 non
387 2786 556 2867 gessissent,
573 2786 710 2863 quamuis
725 2798 824 2845 essent
843 2786 950 2845 aetatis
972 2784 1103 2846 eiusdem
1125 2784 1210 2844 euius

307 2884 348 2943 illi
361 2884 470 2961 quilius
480 2904 583 2963 gerere
596 2884 771 2962 permissum
783 2895 836 2953 est,
851 2882 1048 2956 haesitabam
1066 2902 1118 2961 per
1129 2880 1210 2960 quod

307 2985 445 3041 ell'eetum
461 2991 556 3040 estut
572 2994 609 3053 te,
626 2980 754 3052 (lmine,
771 2979 956 3040 consulerem
970 2980 1041 3059 quirl
1058 2979 1208 3040 obseruari
1225 2993 1255 3046 25

308 3080 408 3139 uelles.
451 3080 549 3158 <apin
578 3079 658 3159 legis,
687 3092 751 3137 tum
779 3077 910 3138 edietum
940 3079 1069 3157 Augusti
1100 3077 1210 3138 litteris

307 3177 426 3236 subieci.

343 3315 406 3357 100
424 3312 439 3356 8
459 3323 521 3358 xxv.
543 3309 634 3371 strip-ei
651 3308 753 3357 ‹lnolms
769 3315 797 3357 et
815 3309 909 3364 triginti
927 3313 964 3358 Aa
982 3314 1053 3366 (xxii
1072 3325 1121 3371 pro
1141 3312 1210 3367 xxul

312 3394 340 3440 ltl
357 3392 383 3441 hi
396 3408 499 3457 qiirnpre
511 3392 555 3455 qui
570 3408 619 3439 urm
632 3392 757 3451 gemmunt
772 3393 873 3455 possint
885 3398 904 3440 Α
916 3409 948 3441 nri
961 3409 991 3440 ex
1006 3393 1037 3440 iis
1049 3392 1094 3455 qui
1106 3407 1210 3456 ‹pirulue

309 3490 359 3523 uon
373 3475 501 3535 gesserint
514 3475 596 3537 possit
606 3474 665 3536 quis
676 3486 693 3521 a
730 3475 758 3521 Γ.)
775 3481 907 3521 senatores
920 3473 977 3522 Ber.
992 3478 1145 3521 senatores
