2950 4175
295 417 345 472 60.
364 415 455 476 (VIII.
465 417 508 477 24)
545 416 745 467 EPISTVLAE
763 415 954 467 SELEUI'AE.
1158 413 1204 465 117

294 562 350 620 tari
368 561 458 638 quale
474 568 682 640 quantumque
698 563 738 622 sit
758 562 897 622 ordinare
912 569 1026 620 statum
1041 558 1203 618 liberarum

292 658 462 716 ciuitatum.
520 677 589 716 nam
617 659 689 734 quid
719 660 908 718 ordinatione
933 655 1074 718 ciuilius?
1130 652 1203 730 quid
1234 659 1250 713 8

292 754 434 814 libertate
449 755 607 833 pretiosius
620 757 637 812 i·
672 776 761 834 porro
779 776 869 834 quam
892 765 989 834 turpe,
1007 754 1032 814 si
1052 750 1203 812 ordinatio

292 853 455 923 euersione,
472 851 594 911 libertas
608 853 755 913 seruitute
765 859 917 912 mutetur!

265 965 279 1017 5
333 949 461 1008 Accedit
477 947 559 1026 quod
580 949 636 1007 tibi
657 959 808 1009 certamen
829 959 875 1009 est
897 958 1014 1008 tecum:
1047 954 1153 1008 onerat
1172 954 1203 1004 te

292 1056 472 1125 quaesturae
500 1053 571 1104 tuae
599 1045 685 1119 fama,
709 1067 800 1123 quam
823 1067 861 1105 ex
882 1045 1029 1124 Bithynia
1056 1045 1203 1122 optimam

292 1143 445 1215 reuexisti‚
462 1149 568 1202 onerat
588 1143 795 1203 testimonium
815 1143 967 1221 principis,
984 1150 1091 1202 onorat
1110 1141 1203 1202 tribu·

292 1250 390 1310 natus,
414 1247 564 1319 praetura,
587 1249 678 1318 atque
700 1239 772 1300 haee
795 1240 859 1317 ipsa
880 1239 992 1318 legatio
1013 1240 1099 1318 quasi
1121 1259 1203 1317 prae·

292 1339 386 1398 mium
401 1337 480 1397 data.
517 1357 578 1415 quo
589 1337 684 1417 magis
698 1336 857 1397 nitendum
871 1345 926 1409 est,
940 1356 977 1396 ne
991 1337 1022 1396 iu
1038 1336 1203 1416 longinqua
1232 1343 1248 1400 9

249 1458 280 1495 ιο
292 1436 448 1516 prouincia
461 1456 553 1514 quam
572 1436 753 1507 suburbana,
770 1454 807 1494 ne
827 1435 906 1494 inter
925 1435 1092 1496 seruientes
1111 1455 1202 1514 quam

292 1535 410 1607 liberos,
433 1554 471 1594 ne
493 1543 574 1595 sorte
600 1554 688 1613 quam
714 1533 825 1593 iudicio
853 1533 968 1606 missus,
993 1552 1031 1593 ne
1059 1533 1143 1594 rudis
1171 1541 1203 1593 et

292 1633 464 1713 incognitus
485 1652 576 1710 quam
598 1632 772 1710 exploratus
795 1631 1008 1709 probatusque,
1031 1631 1200 1704 humanior,

292 1732 405 1803 melior,
429 1731 555 1810 peritior
576 1731 668 1790 fuisse
692 1729 822 1790 uidoaris
833 1753 842 1803 3
870 1749 938 1788 oum
960 1728 1000 1788 sit
1020 1728 1142 1808 alioqui,
1166 1736 1202 1789 ut

292 1849 380 1909 saepe
394 1828 516 1899 audisti,
532 1849 619 1908 saepe
636 1828 745 1908 legisti,
762 1826 859 1887 multo
877 1826 1043 1886 deformius
1060 1827 1202 1887 amittere

250 1948 279 2002 ις
292 1948 384 2007 quam
398 1946 460 1987 non
472 1926 598 2005 adsequi
613 1926 741 1986 laudem.

335 2025 417 2085 Haec
438 2025 530 2085 uelim
551 2024 662 2094 credas,
683 2022 765 2101 quod
786 2022 874 2081 initio
895 2021 969 2094 dixi,
981 2021 1134 2101 scripsisse
1154 2040 1202 2081 me
1214 2025 1254 2084 10·

291 2123 514 2195 admouentem,
539 2142 600 2181 non
627 2121 861 2201 praecipientem
872 2144 880 2195 ;
915 2139 1089 2198 quanquam
1120 2138 1202 2198 prae

292 2222 454 2299 oipientem
475 2239 603 2298 quoquo.
647 2219 759 2298 quippe
782 2237 842 2277 non
864 2237 971 2277 uereor
992 2218 1024 2276 in
1044 2237 1146 2278 amoro
1163 2236 1202 2277 ne

292 2318 416 2378 modum
432 2317 617 2377 excesserim.
661 2315 853 2394 nequeenim
870 2313 1037 2393 perieulum
1052 2325 1098 2375 est
1113 2334 1150 2374 ne
1161 2314 1202 2374 sit

246 2442 281 2483 ω
293 2416 420 2475 nimium
434 2414 516 2493 quod
531 2434 594 2474 esse
609 2415 774 2473 maximum
788 2414 887 2474 debet.
932 2412 1007 2473 uale.

615 2594 643 2641 ll
661 2601 732 2641 sorte
744 2607 761 2642 a
773 2592 841 2641 forte
854 2596 879 2640 11
