2950 4175
300 374 347 428 72.
364 371 427 433 (ΙΧ.
436 371 480 429 40)
548 369 746 421 EPISTVLAE
763 371 951 422 seuuemo.
1155 365 1201 413 135

300 518 435 586 sumitur,
451 523 484 573 et
497 514 521 572 si
538 513 646 592 agendi
667 515 827 574 necessitas
846 516 947 586 instat,
965 534 1041 592 quac
1061 513 1201 586 frequens

300 615 402 684 hieme,
433 631 493 670 non
522 611 581 668 iam
609 610 751 669 comoedo
779 611 828 670 uel
857 612 980 688 lyristae
1006 620 1074 689 post
1098 626 1200 667 cenam

301 710 386 779 locus,
403 708 456 768 sed
471 706 523 766 illa
537 726 613 783 quae
627 706 740 765 dictaui
755 708 919 768 identidem
940 716 1151 775 retractantur,
1168 722 1202 762 ac

301 805 385 865 simul
414 803 574 864 memoriae
609 803 759 879 frequenti
794 806 1002 865 emendatione
1038 804 1200 883 proficitur.

279 903 389 968 §habes
402 910 526 971 aestate,
542 899 639 958 hieme
653 900 917 961 consuetudinem:
941 922 1020 962 nune
1035 902 1130 961 addas
1144 901 1203 959 huc
1215 903 1232 959 3

301 1000 368 1060 licet
381 1019 436 1058 uer
450 1007 482 1057 et
495 1005 681 1067 autumnum,
698 1017 775 1073 quae
795 999 875 1057 iuter
896 999 1023 1059 hiemem
1045 1007 1202 1059 aestatem-

301 1117 355 1174 que
370 1095 477 1166 media,
493 1103 529 1153 ut
543 1093 617 1152 nihil
631 1093 668 1152 de
683 1093 731 1153 die
743 1094 882 1172 perdunt,
895 1095 933 1155 de
945 1106 1031 1156 nocte
1043 1096 1202 1175 paruulum
1271 1154 1274 1159 .

300 1193 470 1272 adquirunt.
514 1191 589 1251 uale.

331 1378 372 1420 ‘n
392 1374 408 1419 4
424 1371 585 1435 prospicitur
598 1368 738 1416 Mommsen
773 1371 789 1418 5
806 1383 875 1417 nune
887 1368 970 1418 addas
982 1370 1033 1420 huc
1046 1369 1109 1420 lieet
1121 1387 1168 1421 uer
1176 1375 1204 1420 et

299 1459 454 1503 autumnum
470 1468 538 1517 quae
557 1450 690 1501 Casauhen
710 1449 768 1511 (ufl.
791 1449 903 1509 Lecti-rte)
924 1451 1030 1500 Modica
1050 1469 1102 1500 non
1122 1452 1204 1502 addas

300 1536 349 1584 huc
361 1535 425 1584 lieet
436 1550 498 1584 uere
510 1536 582 1594 (uere
593 1549 640 1582 one.
656 1535 682 1590 a)
695 1536 865 1580 tantnmuum
877 1547 944 1596 quae
956 1545 1008 1582 ona
1019 1533 1128 1598 colliges
1143 1535 1204 1583 hinc

299 1618 361 1667 licet
377 1634 425 1666 uer
439 1623 467 1666 et
480 1624 635 1665 autuuuuun
649 1631 716 1679 quae
728 1614 872 1663 Mommsen
905 1616 921 1664 6
938 1614 1049 1664 hiemem
1064 1622 1203 1666 aestatem·

298 1716 349 1764 que
367 1699 454 1748 media
472 1699 577 1747 Medius
594 1699 702 1747 hiemem
721 1696 778 1760 (hy-
796 1699 823 1756 a)
841 1700 1021 1760 aestatemque
1039 1697 1151 1746 medium
1170 1698 1205 1748 fe

299 1781 411 1831 hiemem
428 1782 520 1829 statim
536 1785 715 1843 aestatemque
732 1776 846 1826 mediam
864 1791 898 1827 ou
934 1779 948 1829 7
967 1778 1082 1841 perdunt
1098 1779 1157 1828 Keil
1170 1787 1204 1829 ut

299 1863 365 1912 nihil
384 1863 417 1911 de
434 1862 477 1910 die
494 1861 609 1926 perdunt
626 1862 663 1908 ita
682 1860 715 1908 de
734 1864 811 1908 noete
831 1859 936 1908 Medius
956 1866 1003 1907 uut
1024 1859 1090 1908 nihil
1109 1859 1204 1910 dedis

298 1943 415 2009 perdunt
425 1947 473 1992 aut
484 1941 518 1991 de
530 1948 606 1990 noete
617 1940 760 1989 Mommsen
