2950 4175
233 415 279 464 118
437 410 467 463 Ο.
487 411 589 462 PLINI
606 409 752 462 CAECILI
769 408 925 462 suevum
969 411 1021 465 el.
1038 409 1096 468 (IX.
1106 409 1134 467 θ)
1235 291 1264 475 p

580 850 713 913 LIBER
736 851 794 916 IX.

563 1055 639 1140 ¹sel.
673 1085 732 1146 ux.
753 1089 790 1147 a.)

428 1206 627 1284 c.'1³u1n1vs
644 1233 812 1286 cALvrsro
828 1234 897 1286 svo
913 1234 939 1286 s

203 1380 218 1435 1
273 1376 371 1437 Omne
396 1378 451 1438 hoc
476 1388 596 1458 tempus
620 1379 701 1439 inter
721 1379 882 1460 pugillares
903 1399 937 1440 ac
957 1377 1073 1440 libellos
1093 1378 1135 1437 iu-

232 1474 414 1535 cundissima
441 1476 544 1553 quiete
575 1477 736 1537 transmisi.
792 1482 897 1555 ‘quem
925 1476 963 1535 ad
997 1473 1135 1536 modum'
1165 1487 1180 1541 5

232 1573 332 1651 inquis
345 1574 392 1631 ‘in
408 1573 482 1632 urbe
497 1573 625 1652 potuisti
638 1572 665 1632 l’
687 1572 842 1634 Circenses
852 1581 945 1644 erant,
958 1593 1018 1650 quo
1028 1591 1135 1652 genere

231 1668 393 1748 spectaculi
408 1690 446 1730 ne
461 1669 613 1730 lenissime
626 1669 749 1748 quidem
765 1678 876 1730 teneor.
919 1669 993 1728 nihil
1013 1689 1133 1741 nouum,

232 1766 307 1826 nihil
321 1768 447 1841 uarium,
465 1767 541 1827 nihil
556 1766 638 1846 quod
653 1787 713 1827 non
727 1766 818 1827 semel
835 1775 982 1846 spectasse
1000 1767 1132 1826 sufficiat

202 1873 292 1942 uque
316 1865 412 1944 magis
435 1865 528 1924 miror
552 1873 600 1924 tot
625 1862 707 1923 milia
734 1863 868 1924 uirorum
892 1875 954 1923 tam
981 1863 1135 1943 pueriliter

231 1963 397 2023 identidem
412 1982 521 2041 cupere
532 1969 688 2024 currentes
703 1980 803 2040 equos,
814 1961 986 2022 insistentes
1001 1961 1135 2022 curribus
1151 1979 1180 2015 10

172 2064 177 2075 “
231 2060 368 2122 homines
383 2061 495 2122 uidere.
529 2061 554 2122 si
569 2069 671 2121 tamen
685 2069 740 2120 aut
753 2058 913 2121 uelocitate
924 2079 1067 2138 equorum
1081 2066 1135 2119 aut

232 2160 388 2220 hominum
412 2169 479 2219 arte
504 2158 706 2231 traherentur,
733 2167 812 2218 esset
842 2158 920 2218 ratio
947 2177 1007 2218 non
1035 2156 1133 2217 nulla:
1204 2148 1221 2220 J

232 2277 312 2316 nunc
325 2255 430 2316 fauent
443 2276 552 2335 panno,
569 2274 703 2335 pannum
718 2261 829 2327 amant,
846 2261 877 2315 et
891 2255 915 2315 si
926 2254 957 2314 in
968 2255 1033 2333 ipso
1047 2274 1133 2314 cursu

232 2353 391 2431 medioque
406 2354 568 2413 certamine
584 2352 631 2413 bic
646 2352 727 2413 color
741 2352 818 2425 illuc,
836 2351 886 2413 ille
902 2352 960 2411 huc
979 2352 1134 2412 transfera-

232 2460 291 2526 tur,
307 2452 442 2512 studium
457 2452 603 2530 fauorque
617 2449 767 2522 transibit,
783 2458 815 2510 et
833 2460 956 2530 repente
973 2451 1133 2531 agitatores
1150 2470 1159 2506 ι
1164 2467 1177 2521 5

231 2548 306 2620 illos,
336 2567 428 2626 equos
463 2546 538 2620 illos,
573 2567 649 2626 quos
684 2546 787 2625 procul
822 2548 977 2621 noscitant,
1007 2567 1133 2627 quorum

201 2645 388 2714 aelamitant
417 2646 546 2716 nomina,
577 2643 757 2723 relinquent.
805 2652 890 2704 tanta
915 2645 1021 2725 gratia,
1049 2653 1134 2704 tanta
1178 2690 1182 2697 .

230 2744 394 2804 auctoritas
409 2743 440 2801 in
455 2762 516 2802 una
530 2741 677 2803 uilissima
691 2742 801 2813 tunica,
817 2744 907 2802 mitto
921 2742 1000 2821 apud
1015 2742 1130 2822 uulgus,

232 2842 313 2920 quod
328 2841 418 2901 uilius
430 2841 539 2911 tunica,
553 2840 605 2900 sed
618 2840 699 2919 apud
709 2840 854 2918 quosdam
865 2861 971 2919 graues
982 2839 1133 2913 homines3

231 2960 307 3017 quos
329 2959 384 3017 ego
407 2958 475 2998 cum
499 2938 640 2997 recordor
661 2938 691 2997 in
714 2957 745 2997 re
769 2938 857 3009 inani,
879 2937 992 3016 frigida,
1015 2938 1133 2997 assidua
1146 2955 1178 2991 20

232 3048 294 3096 tarn
310 3036 521 3096 insitiabilitcr
535 3036 680 3107 desidere,
697 3036 782 3113 capio
795 3035 924 3113 aliquam
937 3035 1130 3113 uoluptatem,

202 3135 313 3213 4quod
341 3136 395 3195 hac
424 3134 582 3211 uoluptate
611 3154 670 3193 non
699 3134 806 3211 capior.
848 3154 882 3192 ac
910 3153 962 3211 per
990 3134 1042 3192 hos
1069 3133 1133 3192 dics

232 3233 428 3293 libentissime
443 3232 538 3289 otium
555 3250 654 3289 meum
675 3231 706 3289 in
727 3229 836 3289 litteris
855 3228 973 3303 colloco,
990 3250 1064 3308 quos
1082 3228 1131 3289 alii

232 3331 420 3392 otiosissimis
435 3329 680 3407 occupationibus
696 3327 834 3406 perdunt.
877 3327 950 3387 uale.

462 3497 499 3537 οι
522 3491 551 3539 10
567 3504 663 3553 cupere
674 3504 722 3537 cm.
737 3502 780 3548 ua,
794 3488 856 3538 add.
870 3492 913 3538 Uo
