2950 4175
316 388 349 437 98
511 384 540 436 0.
561 382 662 435 PLINI
677 381 823 434 camna
839 381 995 434 SECVNDI
1033 382 1084 437 49.
1101 380 1212 443 (VIM)

317 551 376 592 non
405 531 526 609 potest),
556 527 608 588 sed
635 527 691 587 hoe
718 536 824 606 arguto
851 536 883 587 et
915 528 1007 599 breui,
1036 527 1115 604 quod
1142 534 1213 605 apte

271 632 304 690 10
316 637 444 707 quantas
459 627 533 686 libet
547 625 755 703 occupationes
765 644 908 703 curasque
921 624 1088 704 distinguit.
1130 622 1214 682 lusus

315 734 482 796 uocantur,
523 720 575 781 sed
610 720 641 780 hi
676 720 759 781 lusus
792 741 851 782 non
885 723 1028 782 minorem
1061 720 1212 781 interdum

315 822 441 901 gloriam
466 839 557 897 quam
578 819 655 878 seria
675 829 915 897 consequuntur;
941 829 1031 897 atque
1052 819 1126 879 adeo
1148 819 1214 898 (cur

215 987 217 990 y
260 936 268 959 ²
316 921 396 980 enim
411 927 441 977 te
456 917 494 975 ad
509 935 613 975 uersus
628 935 688 976 non
702 917 1025 994 uersibusadhorterl)

216 997 219 1008 Ι
271 1019 302 1077 11
357 1025 392 1075 ut
405 1015 470 1074 laus
485 1021 532 1072 est
545 1032 637 1085 cerae,
654 1012 752 1073 mollis
766 1013 932 1093 cedensque
945 1024 1086 1093 sequatur

397 1113 422 1171 si
436 1110 541 1171 doctos
555 1110 666 1189 digitos
680 1111 818 1188 iussaque
832 1112 885 1170 fiat
897 1131 980 1189 opus,

357 1219 388 1269 et
402 1229 481 1269 nnnc
495 1208 638 1269 informet
652 1208 782 1268 Martem
796 1221 944 1269 castamue
956 1208 1131 1282 Mineruam,

398 1326 477 1366 nunc
491 1304 640 1366 Venerem
654 1306 783 1386 effingat,
799 1325 878 1366 nune
891 1305 1017 1366 Veneris
1030 1324 1165 1384 puerum,

357 1415 451 1482 unlus
466 1403 540 1463 sacri
555 1403 654 1464 fontes
669 1422 729 1464 non
744 1404 806 1464 sola
819 1403 956 1463 incendia
970 1404 1087 1474 sistunt,
1230 1418 1261 1456 ro

397 1521 485 1580 saepe
500 1500 590 1561 etiam
605 1501 691 1561 flores
706 1519 856 1579 uernaque
871 1509 956 1578 prata
969 1502 1082 1570 iuuant,

356 1601 398 1660 sic
412 1599 568 1659 hominnm
582 1597 736 1678 ingenium
751 1599 829 1659 flecti
843 1596 970 1675 ducique
985 1617 1037 1676 per
1051 1608 1129 1657 artes

203 1763 216 1781 ι
397 1717 458 1756 non
472 1695 584 1775 rigidas
597 1695 687 1755 docta
701 1696 866 1754 mobilitate
880 1695 972 1754 decet.

224 1805 226 1811 '
271 1803 303 1860 12
316 1795 419 1873 itaque
443 1793 552 1853 summi
574 1801 714 1866 oratores,
731 1793 837 1851 summi
859 1792 949 1851 etiam
970 1792 1026 1850 uiri
1048 1792 1089 1851 sic
1110 1809 1141 1850 se
1161 1798 1215 1850 aut

316 1891 496 1951 exercebant
515 1897 570 1950 aut
590 1888 788 1961 delectabant,
811 1889 901 1948 immo
925 1889 1113 1949 delectabant
1132 1908 1214 1949 exer·
1230 1900 1259 1955 ¹5

270 1996 303 2053 13
315 1989 489 2066 cebantqne.
533 2006 603 2046 nam
624 1987 734 2046 mirum
748 1997 794 2047 est
815 1995 849 2046 ut
869 1986 915 2045 his
935 1986 1083 2065 opusculis
1097 1986 1215 2046 animus

314 2083 498 2157 intendatur,
516 2084 697 2145 remittatur.
741 2084 888 2164 recipiunt
905 2085 982 2145 enim
997 2105 1119 2159 amores,
1135 2083 1212 2157 odia,

315 2185 383 2256 iras,
399 2182 642 2255 misericordiam,
658 2182 867 2253 urbanitatem,
883 2183 982 2242 omnia
995 2182 1123 2260 denique
1136 2200 1214 2261 quae

271 2288 303 2345 14
316 2282 346 2341 in
361 2282 531 2360 niteatque
546 2281 636 2341 etiam
651 2281 682 2340 in
697 2279 761 2340 foro
772 2280 925 2357 causisque
936 2290 1099 2340 uersentur.
1135 2280 1215 2340 inest

316 2380 362 2439 his
377 2398 495 2457 quoque
511 2378 614 2438 eadem
629 2396 705 2455 quae
720 2377 785 2435 aliis
796 2377 974 2436 carminibus
989 2378 1109 2452 utilitas,
1122 2377 1212 2455 quod,
1227 2392 1260 2430 20

315 2478 404 2537 metri
427 2476 603 2536 necessitate
623 2474 766 2544 deuincti,
789 2474 886 2534 solnta
906 2476 1038 2534 oratione
1059 2475 1212 2549 laetamur,

315 2585 348 2636 et
371 2573 452 2653 quod
475 2573 591 2633 facilius
618 2592 681 2633 esse
703 2573 886 2650 comparatio
911 2573 1048 2645 ostendit,
1073 2572 1215 2633 libentius

200 2720 233 2733 -
317 2672 479 2733 scribimus.

196 2764 198 2769 ’
272 2775 304 2830 15
359 2768 459 2828 Habes
474 2767 560 2845 plura
575 2762 665 2826 etiam
680 2766 805 2826 sortasse
820 2785 908 2843 qnam
927 2766 1105 2844 requirebas,
1121 2784 1213 2825 unum

318 2879 417 2927 tumen
434 2866 539 2936 omisi;
561 2884 618 2923 non
634 2866 712 2923 enim
727 2865 789 2924 dixi
811 2885 885 2943 qtute
901 2864 1023 2939 legenda
1036 2865 1214 2923 arbitrarer:
1229 2879 1260 2930 25

317 2984 488 3043 quanquam
517 2962 591 3025 dixi.
621 2982 686 3021 cum
712 2961 839 3021 dicerem
868 2983 943 3040 qnae
971 2961 1131 3021 scribendo.
1179 2969 1214 3019 tn

318 3062 488 3122 memineris
513 3061 556 3118 sni
586 3061 728 3136 cuiusque
752 3061 867 3136 generis
894 3072 1027 3117 rurctores
1054 3058 1215 3138 diligenter

319 3160 434 3239 eligere.
486 3160 572 3218 aiunt
600 3158 678 3215 enim
708 3156 835 3215 multum
864 3156 1019 3232 legendum
1054 3176 1123 3228 csse,
1153 3176 1213 3215 non

323 3307 346 3353 ll
374 3305 467 3352 intrant
486 3302 539 3362 (lad
559 3302 602 3350 dot
623 3301 705 3350 acculei·
717 3299 777 3363 first
799 3316 813 3347 u
833 3304 867 3355 Ml
886 3299 930 3346 uf
946 3299 1032 3347 latrant
1054 3312 1086 3348 oa
1104 3299 1177 3348 luent
1196 3313 1214 3348 u

321 3389 409 3435 leuant
423 3390 496 3446 (corr.
506 3387 546 3447 fr.
559 3386 661 3442 lauant)
673 3384 725 3431 rod.
744 3382 833 3431 lire-d.
870 3384 896 3429 ’.Ἰ
915 3381 1029 3429 ‹letiincti
1041 3394 1072 3429 oa
1084 3381 1215 3429 ‹leuiuctis

321 3474 346 3517 bl
358 3469 474 3517 ‹loiuneti
487 3483 505 3515 u
516 3467 635 3516 defuncti
649 3465 730 3515 Barth
744 3464 797 3510 nard
810 3465 901 3511 (team
928 3465 959 3511 ’ὶῦ
975 3463 1178 3511 tnnmnnnineris
1190 3468 1215 3512 Μ
