2950 4175
311 368 366 424 29.
384 366 448 428 (III.
457 369 501 426 21)
559 367 760 420 EPISTVLAE
781 367 974 420 mucram
1188 364 1220 412 ⁸1

309 514 350 573 de
374 531 422 571 me
450 513 625 591 composuit.
668 514 728 572 fuit
753 514 845 573 moris
871 512 991 591 antiqui
1019 531 1071 570 ωε
1093 510 1147 588 qui
1172 506 1253 566 uel³

310 608 500 688 singulorum
514 607 618 667 laudes
632 609 681 668 uel
700 610 821 669 urbium
834 611 1016 689 scripserant
1030 622 1085 666 aut
1104 605 1223 665 honori

310 709 369 766 bus
386 716 440 765 aut
458 706 585 783 pecunia
604 725 732 779 oniam
752 709 863 766 nostris
881 727 956 767 ueru
974 705 1171 784 temporibus,
1186 716 1221 760 ut

310 803 372 863 alia
393 803 525 881 speciosa
548 812 580 860 et
603 805 732 882 egregia,
748 805 792 862 ita
813 804 871 864 hoe
893 805 927 863 in
948 805 1054 883 [trimis
1077 800 1221 862 exoleuit

278 917 293 969 5
311 921 383 960 nam
411 908 570 977 postquam
601 897 746 958 desiimus
781 900 879 960 fauere
914 900 1076 971 laudanda,
1104 896 1222 958 tardari

310 1016 433 1077 quoque
446 997 583 1074 ineptum
596 1005 747 1073 putamus

353 1092 479 1167 Quaeris
499 1091 551 1171 qui
572 1092 635 1150 sint
655 1091 795 1152 uersiculi
814 1093 926 1170 qmirus
945 1094 1077 1174 gratiam
1097 1090 1253 1152 returliu

311 1192 499 1251 remitterem
535 1200 566 1248 te
591 1188 632 1247 ad
668 1189 767 1267 ipsum
803 1189 955 1262 uolumen,
984 1192 1042 1250 nisi
1074 1189 1222 1269 quosdam

310 1300 464 1350 tenerem:
481 1297 524 1359 tu,
535 1287 560 1346 si
575 1286 744 1366 placuerint
757 1287 797 1358 hi,
809 1298 926 1346 eeteros
939 1288 972 1346 in
986 1288 1065 1348 lum
1077 1288 1221 1366 requires

188 1431 193 1438 -
263 1403 297 1441 10
310 1387 488 1466 adloquitur
503 1385 630 1456 Musam,
643 1383 767 1442 mandat
781 1396 818 1443 ut
830 1383 956 1444 domum
966 1405 1065 1445 meam
1078 1383 1253 1464 &quilius

310 1495 446 1565 quaerat,
461 1484 551 1543 adeat
563 1496 754 1542 reuerenter:

434 1581 487 1642 sed
501 1601 539 1641 ne
553 1591 688 1660 tempore
701 1600 763 1639 non
777 1591 832 1640 tuo
845 1579 991 1640 disertam

433 1678 533 1759 pulses
549 1678 632 1738 ebria
644 1678 766 1736 ianuam
780 1677 902 1736 uidete:

434 1787 516 1837 totos
529 1775 584 1836 dat
597 1777 721 1836 tetrieae
735 1775 801 1835 dies
815 1775 982 1848 Mineruae,

434 1875 508 1934 dum
521 1884 644 1934 eentum
657 1872 763 1933 studet
775 1872 900 1932 auribus
915 1873 1050 1932 uironun

435 1972 491 2033 hoc
504 1971 586 2051 quod
599 1970 717 2031 saecula
729 1970 903 2050 posterique
916 1970 1035 2048 possint

436 2071 558 2151 Arpinis
572 2089 693 2149 quoque
706 2088 879 2148 eomparare
893 2067 1015 2127 chartis

435 2189 515 2229 seras
530 2169 626 2228 tutior
639 2168 697 2228 ibis
709 2168 750 2227 ad
764 2167 918 2227 lusemas:

435 2266 508 2326 haee
522 2266 595 2326 hora
608 2275 655 2326 est
669 2276 730 2338 tua,
746 2285 814 2324 cum
828 2264 904 2324 furit
918 2264 1046 2342 Lyaeus,

435 2385 503 2424 cum
518 2375 625 2444 regnat
638 2384 713 2435 rom
727 2384 795 2423 cum
810 2362 935 2421 madent
948 2360 1067 2440 capilli:

435 2471 509 2521 tunc
523 2481 570 2520 me
585 2460 633 2521 uel
648 2461 738 2541 rigidi
754 2459 857 2540 legant
871 2458 1010 2519 Catones.

354 2558 506 2619 Meritone
517 2579 586 2618 eum
596 2558 649 2636 qui
664 2558 736 2617 haee
746 2557 785 2617 de
800 2576 848 2616 me
863 2556 982 2634 scripsit
993 2565 1025 2614 et
1036 2566 1110 2614 tunc
1122 2554 1222 2615 dimisi
1236 2566 1254 2623 6

313 2657 491 2717 amicissime
513 2666 545 2717 et
568 2677 647 2717 nune
671 2665 707 2716 ut
727 2654 941 2714 amicissimum
960 2652 1139 2712 defunctum
1159 2673 1224 2713 esse

313 2754 420 2815 ‹loleo'i
459 2754 545 2813 dedit
563 2754 641 2813 enim
664 2753 737 2812 mihi
758 2762 907 2830 quantum
927 2751 1093 2809 maximum
1113 2750 1222 2828 potuit,

267 2866 299 2918 25
313 2852 440 2913 daturus
461 2851 597 2931 amplius,
618 2852 642 2910 si
664 2850 821 2930 potuisset.
874 2848 994 2907 tametsi
1015 2847 1088 2925 quid
1109 2847 1222 2906 homini
1287 2850 1305 2866 ⁶

315 2961 413 3029 potest
432 2949 497 3008 (lari
520 2949 616 3008 maius
632 2969 723 3026 quarn
747 2947 889 3026 glutinet
906 2945 971 3004 laus
991 2958 1022 3004 et
1041 2945 1225 3003 aeternitas?

314 3059 415 3107 utnon
428 3058 518 3106 eruut
528 3060 650 3105 aeterna
662 3066 739 3123 quae
752 3044 889 3123 scripsit:
912 3064 971 3101 uun
984 3055 1073 3102 stunt
1086 3043 1221 3111 fortasse,

315 3146 364 3206 ille
379 3157 479 3205 tamen
495 3144 614 3224 scripsit
628 3155 772 3221 tauquam
788 3154 889 3201 essent
903 3141 1015 3200 sutum.
1061 3140 1136 3199 uale.

314 3327 346 3376 ‘26
362 3327 446 3392 gloria
457 3333 486 3374 et
498 3326 555 3374 laus
566 3330 593 3374 et
605 3325 750 3373 artemitam
761 3326 861 3371 Hvoua
872 3322 956 3387 gioria
966 3330 994 3369 et
1009 3325 1045 3369 tet
1059 3337 1106 3367 orn.
1122 3323 1151 3373 Ρ)
1166 3319 1223 3368 laus

314 3414 341 3457 et
351 3410 497 3457 aeternitas
509 3408 601 3455 harum
613 3410 651 3455 BF
