2950 4175
295 325 336 425 n
501 366 990 425 usmuosuotusuuvum
1062 366 1203 433 suut
1303 358 1305 363 '

293 519 429 579 infirmus
443 515 526 578 erat'
541 516 626 584 (haee
643 514 724 575 euim
740 514 835 597 nord),
853 514 908 577 sed
923 534 1004 577 noua
1018 514 1130 597 aliqua,
1148 512 1204 577 sed

265 676 269 689 ,
293 636 410 696 magna,
432 632 510 692 quae
531 610 678 673 audierim
701 630 865 691 uunquam,
889 612 1015 695 legerim
1036 632 1202 695 uunquam

294 733 365 774 nam
385 731 462 790 quse
482 708 595 783 audiui,
618 728 696 788 quse
717 709 785 791 legi,
808 720 917 793 sponte
935 718 1125 787 summunt,
1148 708 1204 773 sed

225 867 228 879 ,
293 817 381 872 tauto
393 807 497 870 dolore
511 814 700 888 superantis.
744 806 821 870 uelo.

643 999 693 1101 “e
727 1040 762 1107 n
781 1042 834 1103 rai
1122 1079 1128 1090 -
1233 1044 1250 1103 s

415 1158 445 1211 o.
466 1157 616 1211 rumve
633 1156 733 1211 sosro
749 1156 947 1213 snunororu
962 1158 1032 1215 evo
1048 1160 1077 1215 s

264 1264 297 1344 1?
334 1275 482 1356 Magnum
504 1268 687 1355 prouentum
706 1282 865 1355 poetarum
884 1294 982 1337 annue
1008 1274 1058 1337 hio
1084 1274 1202 1339 attulit

280 1378 360 1434 :toto
376 1391 478 1433 mense
497 1371 597 1452 Aprili
615 1370 717 1433 nullus
734 1370 799 1433 lere
817 1370 961 1451 diesque
980 1390 1042 1433 uon
1059 1372 1205 1435 reoitera

277 1466 282 1511 ·'
293 1470 408 1549 aliquis.
452 1469 540 1530 iuuat
560 1488 609 1531 me
629 1468 712 1549 quod
732 1469 841 1551 uigent
859 1466 968 1543 studia,
989 1468 1152 1551 poterunt
1170 1488 1205 1533 ss

292 1567 415 1650 ingenia
428 1567 587 1629 hominum
600 1576 634 1630 et
646 1556 810 1641 ostentant
826 1566 950 1629 mmetei
962 1565 1004 1629 sd
1015 1566 1204 1629 erudiendum
1220 1592 1253 1631 ro

263 1667 378 1749 2pigre
395 1665 501 1726 coitur.
545 1665 681 1745 plerique
697 1665 729 1726 in
747 1663 929 1726 stationibus
945 1663 1053 1727 sedern
1069 1673 1203 1747 tempus

264 1832 267 1841 ,
292 1782 352 1843 que
372 1761 516 1823 audiendi
536 1761 648 1823 fabulis
666 1770 829 1823 oontemnt
846 1780 882 1823 ae
899 1760 1028 1823 subinde
1047 1760 1106 1823 sibi
1126 1780 1203 1823 uum
1222 1830 1225 1835 ,

292 1860 363 1922 tiari
384 1860 492 1921 iubent
510 1880 551 1921 an
571 1860 632 1921 iam
659 1860 802 1921 reoitator
829 1858 998 1935 intrauerit,
1018 1878 1060 1921 eu
1085 1858 1203 1921 dixerit

261 1946 264 1985 ²
292 1959 519 2039 praefationem,
541 1978 581 2019 an
602 1977 642 2019 ex
661 1978 773 2040 magna
792 1965 879 2039 perte
899 1957 1049 2021 euoluesit
1067 1956 1202 2019 librum:

292 2066 366 2120 tuno
389 2055 521 2131 demum,
547 2075 583 2119 ae
606 2064 681 2118 tuno
703 2076 826 2137 quoque
852 2054 936 2120 lente
961 2062 1202 2138 ouneteuterque
1218 2074 1250 2132 ις

292 2155 439 2229 ueniunt;
460 2174 515 2216 nee
539 2162 642 2216 tamen
667 2163 853 2236 permanent,
878 2153 933 2216 sed
952 2164 1025 2217 ente
1045 2153 1139 2218 linem
1156 2173 1202 2218 se

292 2252 412 2327 cedunt,
428 2252 480 2313 alii
493 2251 720 2314 dissimulanter
733 2259 766 2312 et
778 2251 894 2326 iuxtim,
908 2249 960 2314 elii
978 2249 1157 2333 simplieiter
1167 2261 1202 2316 et

293 2350 393 2411 libere.

207 2438 231 2448 ’
263 2461 281 2519 3
334 2449 378 2509 At
392 2447 512 2509 hercule
525 2447 670 2508 memorie
683 2455 843 2527 parentum
861 2445 1023 2509 Olsudium
1040 2445 1202 2510 &mem

292 2544 404 2618 ierunt,
424 2565 493 2605 oum
511 2544 543 2605 in
557 2544 677 2607 Palatio
690 2546 874 2627 spatiaretur
887 2544 1079 2624 audissetque
1092 2543 1201 2607 elemo
1214 2563 1248 2602 ao

292 2662 365 2716 rem,
380 2662 501 2704 eaumm
514 2642 683 2722 requisisse,
699 2663 829 2722 eumque
841 2641 957 2704 dietum
975 2649 1056 2704 esset
1071 2642 1201 2704 renitere

293 2738 475 2812 Nonianum,
496 2738 632 2801 subitum
651 2740 791 2803 renitenti
808 2739 1056 2819 inopinatumque
1070 2737 1198 2801 uenisse

264 2844 373 2899 inune
400 2836 598 2900 otiosissimus
626 2839 753 2919 quisque
781 2838 878 2899 multo
911 2846 982 2898 ante
1016 2844 1141 2919 rogetus
1167 2847 1201 2898 et

293 2934 459 2996 identidem
487 2934 660 2998 admonitus
687 2948 742 2998 aut
770 2956 830 2998 nou
859 2935 945 2996 uenit
967 2944 1029 3008 aut,
1054 2934 1081 2996 si
1102 2934 1198 3010 uenit,

264 3045 281 3101 5
293 3032 431 3111 queritur
444 3054 476 3093 so
490 3033 579 3106 diem,
595 3034 667 3113 quia
678 3054 737 3094 non
750 3031 923 3113 perdiderit,
936 3030 1108 3112 perdidisse
1145 3032 1201 3095 sed
1215 3046 1245 3101 ²5

293 3137 380 3190 tanto
402 3130 498 3210 magis
518 3129 661 3191 laudandi
682 3130 888 3211 probandique
909 3139 981 3190 sunt
1000 3148 1076 3209 quos
1095 3150 1115 3190 a
1130 3130 1200 3192 sori-

327 3297 346 3341 0
366 3291 396 3341 12
412 3289 537 3341 audiendi
552 3294 655 3341 We
668 3291 807 3341 audiendis
821 3304 855 3342 ou
869 3291 934 3350 (aad
945 3290 1002 3341 lest
1013 3298 1076 3341 cent.
1090 3305 1157 3341 corr.
1170 3291 1203 3341 os*

293 3377 324 3431 V)
360 3375 390 3423 15
406 3378 471 3422 tuuc
482 3372 588 3422 demum
599 3377 647 3424 Π
658 3379 714 3423 tum
727 3373 834 3423 demum
844 3376 934 3422 Brona
962 3372 995 3424 2³
1010 3377 1040 3422 st
1050 3370 1198 3423 identidem

293 3455 444 3505 admonitus
454 3468 503 3503 em.
518 3458 565 3503 Π
596 3454 630 3503 25
645 3453 765 3519 perdidit
777 3453 866 3516 Oierip
