2950 4175
344 359 396 415 87.
414 358 541 420 (VHI.8)
594 358 793 409 EPISTVLAE
810 359 999 410 SELEOI'AE.
1200 357 1245 407 lll

345 512 376 562 et
402 521 521 582 opacus.
565 501 644 562 hunc
673 502 777 562 subter
803 502 869 563 fons
899 505 971 575 exit,
1001 513 1032 564 et
1067 500 1249 581 exprimitur

345 598 482 678 pluribus
501 598 587 658 uenis
608 598 660 657 sed
680 599 850 677 imparibus,
867 599 1076 678 eluctatusque
1095 599 1168 660 facit
1181 617 1249 680 gur·

344 697 439 775 gitem
464 695 517 774 qui
539 694 601 754 late
622 695 736 774 gremio
758 698 884 773 patescit
905 717 998 774 purus
1017 706 1049 758 et
1070 697 1193 768 uitreus,
1214 701 1250 754 ut

346 811 504 851 numerare
527 791 618 850 iactas
642 791 735 868 stipes
758 799 789 851 et
810 793 969 853 relucentis
993 794 1122 854 calculos
1144 792 1248 873 pessis.

319 888 415 956 siude
439 908 500 947 non
525 888 581 947 loci
602 886 776 947 deuexitate
797 890 848 948 sed
868 891 932 968 ipsu
951 893 997 950 sui
1014 892 1100 969 eopia
1119 899 1151 950 et
1164 888 1280 968 quasi3

346 985 479 1063 pondere
494 983 666 1061 impellitur.
711 985 777 1044 fens
791 986 888 1046 adhue
903 996 934 1046 et
953 988 1013 1047 iam
1032 986 1248 1066 amplissimum

346 1084 458 1142 flumen
472 1090 564 1159 atque
578 1081 670 1141 etiam
685 1082 807 1141 nauium
827 1084 951 1160 patiens,
967 1104 1042 1163 quas
1061 1085 1167 1145 obuias
1180 1100 1252 1162 que-

346 1200 405 1258 que
419 1187 451 1239 et
465 1178 615 1238 contrarie
630 1179 697 1237 nisu
711 1179 742 1237 in
757 1179 876 1238 diuersa
890 1180 1050 1241 tendentes
1070 1181 1252 1242 transmittit

347 1285 378 1336 et
406 1275 527 1356 perfert,
550 1275 625 1336 adeo
653 1275 771 1335 ualidus
796 1285 830 1334 ut
854 1277 906 1336 illa
930 1297 989 1353 qua
1011 1288 1154 1358 properat
1177 1280 1250 1358 ipse,

305 1392 334 1427 ro
346 1394 519 1454 quanquam
547 1393 600 1452 per
620 1373 716 1433 solum
738 1373 867 1452 planum,
887 1376 976 1434 remis
998 1395 1057 1435 uon
1079 1376 1249 1449 adiuuetur,

346 1473 427 1533 idem
448 1472 613 1550 aegerrime
634 1472 723 1531 remis
745 1471 898 1548 contisque
918 1483 1078 1550 superetur
1096 1474 1249 1533 aduersus.

347 1570 513 1631 iucundum
525 1577 687 1647 utrumque
701 1589 755 1648 per
766 1569 861 1628 iocum
874 1568 1040 1649 ludumque
1052 1571 1250 1643 fluitantibus,
1264 1578 1282 1634 4

348 1677 383 1728 ut
413 1668 555 1727 flexerint
588 1686 715 1738 elusum,
747 1665 877 1726 laborem
912 1668 983 1740 eti0,
1019 1669 1114 1727 etium
1151 1669 1252 1729 labere

347 1766 474 1825 uamare.

304 1880 333 1934 ις
389 1864 485 1942 Ripae
499 1862 618 1922 fraxino
629 1861 732 1935 multa,
745 1860 841 1921 multa
855 1860 965 1940 populo
984 1863 1165 1936 pertinetur,
1178 1882 1253 1942 quas

347 1962 524 2041 perspicuus
545 1960 642 2020 amnis
663 1959 748 2020 uelut
767 1979 877 2019 mersas
900 1960 989 2019 uiridi
1012 1960 1143 2040 imagine
1160 1960 1253 2020 adnu-

347 2069 451 2121 meret.
485 2060 566 2139 rigor
580 2079 675 2138 aquae
691 2058 852 2120 certauerit
866 2059 993 2133 niuibus,
1007 2078 1060 2119 nee
1072 2058 1153 2119 color
1163 2058 1250 2119 cedit.

346 2159 465 2219 adiacet
485 2157 632 2237 templum
653 2160 784 2237 priscum
809 2166 840 2216 et
861 2157 1052 2237 religiosum:
1078 2146 1142 2216 stat
1159 2155 1282 2218 curu-5

347 2277 436 2316 mnus
459 2257 523 2335 ipse
546 2256 674 2317 amictus
698 2265 880 2333 ornatusque
904 2263 1078 2331 praetexte:
1113 2273 1253 2333 praesens

303 2384 334 2419 κο
347 2374 459 2414 numen
474 2362 566 2432 atque
581 2355 671 2413 etiam
687 2355 841 2414 tamdictum
860 2353 993 2411 indicunt
1005 2361 1107 2412 sortes.
1151 2372 1254 2430 sparsa

347 2460 419 2512 sunt
433 2453 511 2512 eirea
525 2450 631 2511 sacella
649 2453 803 2532 complura
822 2451 1008 2527 totidemque
1027 2449 1079 2509 dii.
1123 2469 1177 2509 sua
1195 2450 1252 2509 eui·

347 2570 406 2628 que
430 2549 592 2620 ueneratio,
614 2569 701 2608 suum
725 2569 841 2621 nomen,
863 2547 1041 2627 quibusdam
1064 2567 1137 2607 uero
1161 2548 1252 2607 etiarn

347 2648 465 2720 sontes3
487 2666 556 2706 nam
573 2656 693 2725 praeter
710 2647 794 2706 illum
812 2647 896 2725 quasi
915 2654 1070 2725 parentem
1085 2654 1251 2705 ceterorum

347 2753 419 2805 sunt
432 2744 564 2804 minores
582 2745 681 2823 eapite
702 2745 842 2817 disereti;
870 2744 922 2803 sed
943 2743 1058 2802 llumiui
1079 2743 1251 2815 miscentur,

303 2843 427 2925 25quod
457 2851 549 2921 ponte
577 2845 800 2903 transmittitur.
857 2844 882 2901 is
910 2842 1057 2901 terminus
1085 2842 1159 2900 sueri
1189 2851 1282 2919 pro-6

348 2942 489 3019 laurique:
518 2941 549 2999 iu
574 2942 725 3019 superiore
751 2953 834 3019 parm
861 2941 1002 3017 nauigare
1024 2949 1152 3011 tuntum,
1175 2938 1253 2998 inira

346 3041 437 3099 etium
450 3048 554 3098 natue
565 3058 744 3099 cencessum.
775 3039 924 3097 balineum
939 3037 1129 3115 Hispellates,
1143 3036 1253 3115 quibus
1300 3081 1305 3089 ,

380 3192 419 3233 87
445 3187 454 3233 l
477 3186 534 3233 exit
554 3184 612 3234 lons
630 3189 656 3234 Μ
699 3186 716 3233 ⁶2
735 3184 918 3248 eluctatusque
937 3200 1014 3248 quem
1036 3184 1101 3233 lacit
1120 3184 1252 3249 gurgitem

347 3267 403 3316 lato
422 3269 522 3331 greurio
542 3268 655 3331 putescit
675 3272 700 3315 u
749 3271 777 3314 lu
792 3283 949 3330 numnquam
971 3271 997 3315 Ι
1017 3272 1142 3331 tanquam
1163 3279 1181 3316 ι
1224 3269 1253 3316 lt

348 3349 422 3398 uelut
441 3362 459 3398 e
478 3355 505 3397 ul
525 3353 551 3397 H
566 3350 689 3413 imagine}
704 3350 814 3413 rnurgiui
831 3348 973 3396 ,llarllrunl
1012 3352 1044 3397 ee
1061 3354 1166 3397 tentum
1184 3348 1253 3398 inira

346 3432 426 3479 elium
440 3447 488 3479 orer.
504 3434 530 3478 Ι
699 3443 701 3446 ’
