2950 4175
320 381 366 432 128
522 378 550 429 C.
573 376 673 427 PLINI
690 377 835 429 cauom
852 377 1010 429 SECVNDI
1035 379 1088 436 65.
1106 379 1168 441 (IX
1180 382 1219 443 19)

315 526 371 587 sibi
387 525 459 599 fieri,
471 543 577 601 meque
588 522 627 581 ad
638 530 807 583 extremum
818 524 890 603 quid
900 524 939 585 de
951 534 1080 604 utroque
1090 527 1220 587 sentimn

315 623 452 685 consulis.

285 733 302 788 2
355 720 528 797 Utrumque
539 716 641 788 dilexi,
652 717 778 778 miratus
789 738 855 779 sum
869 721 964 800 inagis
974 739 1063 798 quem
1075 730 1111 781 tu
1122 740 1219 800 repro

314 817 429 889 hendis,
445 825 537 893 atque
558 815 602 874 ita
623 815 758 887 miratus,
777 825 813 877 ut
832 837 892 877 non
913 825 1050 897 putarem
1072 819 1145 878 satis
1167 839 1220 879 un·

313 935 404 994 quam
416 913 531 972 laudari
546 931 632 991 posse
643 912 727 971 ouius
741 933 820 974 nuno
834 915 906 974 mihi
918 915 1073 975 subeunda
1083 916 1219 978 defensio
1248 932 1256 984 ε

285 1020 368 1080 3est.
411 1030 515 1071 omnes
532 1029 588 1090 ego
609 1010 662 1087 qui
682 1029 823 1091 magnum
845 1012 959 1090 aliquid
980 1013 1218 1076 memorandum-

315 1129 373 1188 que
400 1110 538 1168 ieoerunt
565 1127 626 1168 non
650 1107 740 1168 modo
765 1109 852 1169 uenia
876 1129 980 1169 uerum
1009 1111 1099 1170 etiam
1128 1110 1218 1174 laude

314 1207 505 1287 dignissimos
524 1205 632 1278 iudico,
647 1206 672 1266 si
690 1206 949 1267 immortalitatem
970 1228 1060 1285 quam
1080 1228 1218 1271 meruere

313 1304 662 1382 sectantur‚uiotu1ique
683 1304 812 1364 nominis
832 1305 941 1364 famam
955 1307 1101 1385 supremis
1122 1307 1216 1368 etiam

313 1402 410 1463 titulis
425 1421 586 1481 prorogare
600 1401 749 1461 nituntur.
1231 1419 1256 1459 rc

282 1512 299 1566 4
353 1499 417 1560 Neo
431 1499 517 1560 facile
531 1518 703 1576 quenquam
719 1499 777 1558 nisi
792 1498 967 1579 Verginium
988 1500 1109 1560 inuenio
1129 1502 1216 1563 ouius

312 1606 399 1658 tanta
425 1599 457 1657 in
482 1595 683 1676 praedicendo
708 1596 893 1669 uerecundia,
919 1607 1033 1674 quauta
1056 1598 1151 1678 gloria
1175 1619 1214 1660 ex

282 1697 400 1761 tiaeto.
444 1697 506 1775 ipse
534 1714 602 1753 sum
630 1694 725 1765 testis,
751 1693 937 1753 familiariter
963 1695 1002 1753 ab
1026 1715 1061 1755 eo
1084 1695 1214 1758 dilectus

311 1795 523 1873 probatusque,
536 1790 628 1852 semel
638 1790 762 1850 omnino
776 1810 822 1851 me
837 1791 977 1852 audiente
992 1804 1166 1871 prouectum
1179 1805 1215 1857 ut

310 1891 349 1951 de
365 1890 453 1951 rebus
474 1890 535 1951 suis
550 1888 606 1949 hoe
620 1908 714 1949 unum
728 1888 862 1961 referret,
878 1890 921 1948 ita
934 1909 1034 1950 seeum
1050 1892 1214 1970 aliquando
1229 1912 1239 1949 ι
1243 1909 1256 1965 5

311 1988 454 2051 Cluuium
476 1988 617 2058 locutum,
636 1985 717 2059 ‘seis
731 1984 862 2066 Vergini,
879 2007 954 2064 quae
975 1988 1117 2050 historiae
1137 1990 1213 2052 fidos

310 2088 474 2148 debeatur:
489 2083 615 2166 proinde
629 2084 654 2144 si
668 2083 742 2163 quid
757 2084 787 2144 in
803 2084 934 2145 historiis
949 2088 1022 2147 meis
1037 2086 1110 2169 legis
1123 2088 1213 2150 aliter

309 2208 344 2248 ao
365 2186 448 2260 uelis,
467 2205 540 2267 rogo
561 2182 717 2266 ignoscas!
756 2182 795 2242 ad
816 2183 872 2243 hoo
893 2184 950 2257 ille,
972 2193 1060 2245 ‘tune
1081 2186 1211 2266 ignoras,

311 2285 408 2359 Cluui,
434 2284 502 2345 ideo
526 2303 574 2344 me
598 2283 703 2343 fecisse
728 2281 808 2358 quod
833 2282 897 2352 feei,
924 2294 958 2342 ut
982 2293 1060 2343 osset
1084 2283 1211 2343 litorum

311 2386 396 2445 uobis
410 2384 538 2445 seribere
552 2401 629 2461 quae
644 2378 814 2441 libuissett’
1225 2403 1256 2440 ιο

281 2494 298 2550 6
351 2484 418 2562 Age
429 2480 510 2553 dum,
521 2481 600 2540 hune
615 2480 713 2559 ipsum
728 2477 905 2537 Frontinum
918 2479 947 2537 in
961 2480 1015 2539 hoo
1030 2480 1093 2559 ipso
1108 2480 1138 2539 in
1150 2500 1211 2558 quo

311 2580 365 2641 tibi
386 2579 501 2658 parcior
515 2576 636 2636 uidetur
656 2586 689 2636 et
710 2576 838 2656 pressior
858 2596 1068 2656 commanemus.
1112 2579 1211 2639 uetuit

310 2676 424 2739 exstrui
449 2674 685 2735 monimentum:
713 2673 767 2733 sed
788 2673 896 2751 quibus
921 2675 1039 2735 uerbis?
1060 2676 1211 2755 ‘impensa

310 2773 485 2837 monimenti
501 2791 686 2851 superuacua
700 2779 766 2831 est:
782 2772 921 2830 momoria
937 2772 1029 2832 nostri
1041 2772 1170 2844 durabit,
1185 2775 1209 2833 si

309 2877 373 2936 uita
395 2869 577 2933 meruimus)
617 2890 655 2929 an
676 2868 842 2929 restrictius
862 2869 1015 2929 arbitraris
1037 2891 1089 2948 per
1108 2872 1208 2931 orimur
1224 2887 1254 2939 25

310 2987 456 3034 terrarum
472 2968 632 3051 legendum
648 2968 720 3027 (lare
735 2967 908 3026 duraturum
929 2969 1098 3027 memorium
1115 2990 1208 3041 suam,

309 3093 398 3151 quam
425 3089 485 3129 uno
514 3069 543 3127 in
570 3067 634 3126 loro
661 3066 779 3125 duobus
805 3066 956 3124 uorsirulis
984 3068 1101 3146 signare
1129 3069 1208 3145 qiud

310 3169 434 3232 iecorisi

311 3308 324 3353 4
342 3303 427 3367 adque
444 3301 482 3349 ita
495 3298 607 3347 miratus
618 3301 644 3344 H
657 3295 768 3344 miratus
783 3300 863 3358 atquo
879 3296 916 3342 itu
931 3308 948 3343 a
963 3302 1041 3359 atqrm
1057 3297 1160 3345 minuis
1175 3311 1209 3347 οιι

311 3391 326 3436 ir
354 3384 455 3434 laudari
478 3396 554 3446 posse
575 3393 592 3428 a
615 3393 689 3442 poseo
713 3376 813 3425 laudari
837 3381 896 3425 Mon
944 3380 967 3425 ΙΙ
1000 3378 1152 3439 Verginium
1176 3394 1210 3429 oa

313 3468 453 3533 uirgiuium
465 3470 509 3514 Eu
545 3464 574 3511 18
592 3458 848 3510 notissimus-sona
881 3462 913 3506 ’.Ὀ
930 3458 1209 3511 riobisfflnobisou
