2950 4175
309 403 355 453 134
510 400 539 452 C.
560 398 662 451 PLINI
679 396 826 453 canem
842 396 1001 451 suevum
1030 396 1083 454 71.
1100 394 1214 459 (11119)

276 552 361 610 Saus
374 546 478 606 imbris
492 552 547 604 auc
561 543 640 605 solis.
684 543 791 607 uideor
806 564 878 627 ergo
892 543 1030 605 munifice
1046 541 1136 603 simul
1149 540 1216 603 reli·
1292 530 1301 617 ’ξ

306 646 449 727 gioseque
464 643 609 714 facturus,
625 641 651 702 si
671 641 778 704 aedem
803 662 892 722 quam
915 640 1146 723 pulcherrimam
1167 659 1216 701 ex·

306 751 453 814 struxero,
470 738 617 800 addidero
632 741 766 818 porticus
781 741 857 815 aedi,
874 740 956 802 illam
969 739 1008 800 ad
1023 758 1110 800 usum
1131 736 1214 811 deas,

306 842 360 901 has
374 839 413 898 ad
428 838 594 898 hominum.

348 937 447 997 Velim
472 955 544 1015 ergo
569 955 650 997 emas
674 943 822 1014 quattuor
848 953 1028 997 marmoreas
1051 931 1245 1006 columns

307 1036 391 1097 cuius
412 1033 469 1094 tibi
495 1033 651 1094 uidebitur
670 1033 798 1116 generis,
825 1052 905 1096 emas
929 1050 1085 1104 marmora,
1106 1029 1217 1110 quibus

277 1133 412 1205 stolum,
437 1131 548 1210 quibus
576 1132 707 1212 parietes
731 1130 917 1195 excolantur.
972 1129 1031 1192 erit
1054 1127 1145 1191 etiam
1168 1127 1217 1189 uel

307 1229 479 1291 iaciendum
508 1229 557 1291 uel
586 1229 748 1292 emendum
771 1229 968 1311 iprimdeae
994 1228 1121 1309 signum,
1146 1226 1219 1307 quia

307 1328 468 1406 antiquum
482 1326 590 1389 illude
607 1327 691 1409 ligno
710 1326 890 1407 quibusdam
910 1327 956 1388 sui
975 1324 1111 1406 partibus
1132 1331 1218 1385 uetu-

307 1435 387 1485 state
402 1433 578 1485 truncatum
593 1433 648 1486 est.
1231 1430 1262 1471 ¹0

279 1528 296 1585 5
349 1521 505 1597 erantum
526 1522 565 1582 sd
587 1522 729 1603 porticus,
746 1522 822 1583 nihil
846 1521 967 1582 interim
985 1519 1114 1581 occurrii
1134 1516 1217 1597 quod

309 1619 450 1680 uideatur
458 1620 548 1680 istinc
560 1638 625 1680 csse
635 1618 848 1699 repetendum
862 1618 919 1679 nisi
931 1627 1031 1678 tamen
1042 1624 1078 1677 ut
1088 1616 1217 1677 formiam

309 1716 471 1778 secundum
487 1717 637 1778 rationem
652 1716 709 1778 loci
723 1716 843 1777 scribas.
886 1715 1076 1794 nequeenim
1090 1724 1217 1794 possunt

308 1815 485 1876 circumdari
508 1815 733 1894 temp103nam
755 1814 852 1875 solum
873 1812 976 1892 tempii
1000 1810 1069 1872 hinc
1093 1811 1217 1872 flumine

280 1915 341 1974 det
363 1913 587 1993 abruptissimis
611 1912 693 1993 ripis,
719 1912 790 1973 hinc
815 1911 866 1971 uia
885 1910 1024 1990 cingitur.
1067 1917 1115 1970 est
1136 1908 1219 1970 ultra
1232 1917 1262 1975 15

309 2011 390 2071 uiam
414 2010 595 2071 latissimum
623 2019 753 2091 pratum,
782 2009 897 2088 inquo
919 2007 991 2068 satis
1017 2014 1088 2086 apte
1111 2015 1218 2068 contra

310 2108 456 2187 templum
471 2111 571 2189 ipsum
589 2109 724 2189 porticus
744 2107 993 2188 explicabuntur3
1014 2106 1070 2165 nisi
1088 2105 1163 2185 quid
1182 2115 1216 2166 tu

309 2206 416 2267 melius
437 2206 599 2279 inueneris,
614 2207 668 2286 qui
689 2205 768 2267 soles
787 2205 920 2266 locorum
940 2202 1131 2264 difficultates
1151 2211 1218 2263 arte

310 2324 458 2384 superare.
503 2303 579 2365 uale.

655 2529 708 2586 72.
743 2528 802 2589 (IX.
822 2530 876 2589 40.)
1232 2545 1264 2582 ac

533 2654 563 2707 0.
583 2654 732 2707 PLINIVS
750 2654 862 2707 FVSCO
878 2654 946 2707 SVO
962 2654 989 2705 S.

282 2779 297 2833 1
351 2772 463 2831 Scribis
488 2782 644 2852 pmrgratas
668 2772 724 2831 tibi
747 2771 839 2831 iuissc
861 2772 977 2832 litteras
1000 2790 1087 2842 meas
1110 2769 1219 2847 quibus

311 2870 477 2949 cognouisti
495 2890 584 2948 quem
599 2869 638 2929 ad
661 2868 784 2928 modum
806 2870 836 2928 in
856 2869 960 2929 Tuscis
981 2870 1076 2929 otium
1095 2868 1219 2928 ecstatis

311 2967 481 3045 exigerem:
505 2968 633 3045 requiris
647 2966 720 3045 quid
737 2988 775 3025 cx
790 2966 846 3027 hoc
866 2968 895 3026 iu
918 2966 1100 3027 inurentino
1122 2966 1219 3026 hicmc

282 3068 488 3142 aluminum.
535 3065 617 3136 1111111,
643 3065 697 3124 uisi
719 3064 799 3142 quod
826 3065 1006 3125 meridianus
1029 3085 1150 3124 somnus
1171 3085 1219 3123 cx·
1234 3083 1264 3135 ες

313 3164 424 3232 unitur,
442 3163 631 3241 inultumque
650 3163 689 3223 dc
711 3173 798 3223 rioctc
820 3164 867 3222 ucl
889 3176 959 3222 autc
982 3163 1028 3223 uc!
1052 3175 1119 3243 post
1139 3162 1217 3222 dicnr

346 3322 383 3362 71
403 3317 417 3365 ἵ
438 3316 477 3363 uvi
497 3313 859 3364 1111111111111111111111111111111111
878 3313 1110 3363 1111ιυί1111111111011
1146 3316 1162 3362 11
1179 3316 1219 3361 eui

315 3397 434 3460 panium
452 3404 587 3446 uniuersa·
604 3411 622 3446 a
640 3404 775 3445 unlustau·
793 3398 832 3443 nuri
851 3395 971 3461 partibus
988 3409 1021 3444 cu
1066 3398 1093 3444 13
1111 3405 1217 3459 pnrssuru

313 3478 462 3527 circundari
476 3480 577 3543 1111111111
587 3494 606 3530 ι
617 3494 723 3543 ramum
735 3476 890 3526 circundare
903 3477 1001 3541 wrnplo
1013 3489 1047 3526 cu
