<?xml version="1.0" encoding="UTF-8"?>
<!DOCTYPE html PUBLIC "-//W3C//DTD XHTML 1.0 Transitional//EN"
    "http://www.w3.org/TR/xhtml1/DTD/xhtml1-transitional.dtd">
<html xmlns="http://www.w3.org/1999/xhtml" xml:lang="en" lang="en">
 <head>
  <title>
</title>
<meta http-equiv="Content-Type" content="text/html;charset=utf-8" />
  <meta name='ocr-system' content='tesseract 3.04.00' />
  <meta name='ocr-capabilities' content='ocr_page ocr_carea ocr_par ocr_line ocrx_word'/>
</head>
<body>
  <div class='ocr_page' id='page_1' title='image "./selectedletters01merrgoog_0165.png"; bbox 0 0 2950 4175; ppageno 0'>
   <div class='ocr_carea' id='block_1_1' title="bbox 313 386 1212 450">
    <p class='ocr_par' dir='ltr' id='par_1_1' title="bbox 313 386 1212 450">
     <span class='ocr_line' id='line_1_1' title="bbox 313 386 1212 450; baseline -0.002 -7"><span class='ocrx_word' id='word_1_1' title='bbox 313 389 360 443; x_wconf 76' lang='lat'>108</span> <span class='ocrx_word' id='word_1_2' title='bbox 505 386 1212 450; x_wconf 71' lang='lat' dir='ltr'>0.Pt1NIcAEclmsEcvnnlto.tv1me)</span> 
     </span>
    </p>
   </div>
   <div class='ocr_carea' id='block_1_2' title="bbox 511 649 1014 835">
    <p class='ocr_par' dir='ltr' id='par_1_2' title="bbox 511 649 1014 835">
     <span class='ocr_line' id='line_1_2' title="bbox 610 649 878 711; baseline 0.011 -12"><span class='ocrx_word' id='word_1_3' title='bbox 610 655 625 672; x_wconf 66' lang='lat'>‘¹</span> <span class='ocrx_word' id='word_1_4' title='bbox 646 649 695 706; x_wconf 73' lang='grc'>55.</span> <span class='ocrx_word' id='word_1_5' title='bbox 732 649 805 711; x_wconf 89' lang='lat' dir='ltr'><strong>(VII.</strong></span> <span class='ocrx_word' id='word_1_6' title='bbox 824 652 878 711; x_wconf 74' lang='lat'><strong>28.)</strong></span> 
     </span>
     <span class='ocr_line' id='line_1_3' title="bbox 511 780 1014 835; baseline -0.002 0"><span class='ocrx_word' id='word_1_7' title='bbox 511 782 540 835; x_wconf 82' lang='lat' dir='ltr'>O.</span> <span class='ocrx_word' id='word_1_8' title='bbox 561 780 709 834; x_wconf 87' lang='lat' dir='ltr'><strong>PLINIVS</strong></span> <span class='ocrx_word' id='word_1_9' title='bbox 726 781 887 835; x_wconf 79' lang='lat' dir='ltr'>SEPTICIO</span> <span class='ocrx_word' id='word_1_10' title='bbox 904 781 972 835; x_wconf 86' lang='lat' dir='ltr'>SVO</span> <span class='ocrx_word' id='word_1_11' title='bbox 988 781 1014 834; x_wconf 60' lang='lat' dir='ltr'>S</span> 
     </span>
    </p>
   </div>
   <div class='ocr_carea' id='block_1_3' title="bbox 280 913 1260 1970">
    <p class='ocr_par' dir='ltr' id='par_1_3' title="bbox 280 913 1260 1970">
     <span class='ocr_line' id='line_1_4' title="bbox 281 913 1213 994; baseline -0.001 -18"><span class='ocrx_word' id='word_1_12' title='bbox 281 927 297 983; x_wconf 95' lang='lat'>1</span> <span class='ocrx_word' id='word_1_13' title='bbox 351 915 407 976; x_wconf 86' lang='lat' dir='ltr'>Aia</span> <span class='ocrx_word' id='word_1_14' title='bbox 433 913 579 994; x_wconf 80' lang='lat' dir='ltr'>quosdam</span> <span class='ocrx_word' id='word_1_15' title='bbox 612 914 695 993; x_wconf 88' lang='lat' dir='ltr'>apud</span> <span class='ocrx_word' id='word_1_16' title='bbox 730 921 761 975; x_wconf 91' lang='lat' dir='ltr'>te</span> <span class='ocrx_word' id='word_1_17' title='bbox 800 914 1031 994; x_wconf 68' lang='lat' dir='ltr'>reprehendisse,</span> <span class='ocrx_word' id='word_1_18' title='bbox 1068 920 1213 994; x_wconf 86' lang='lat' dir='ltr'>tanquam</span> 
     </span>
     <span class='ocr_line' id='line_1_5' title="bbox 309 1010 1211 1073; baseline 0 -1"><span class='ocrx_word' id='word_1_19' title='bbox 309 1013 421 1073; x_wconf 80' lang='lat' dir='ltr'>amieos</span> <span class='ocrx_word' id='word_1_20' title='bbox 434 1030 517 1072; x_wconf 84' lang='lat' dir='ltr'>meoa</span> <span class='ocrx_word' id='word_1_21' title='bbox 531 1031 569 1072; x_wconf 87' lang='lat' dir='ltr'>ex</span> <span class='ocrx_word' id='word_1_22' title='bbox 583 1013 665 1073; x_wconf 93' lang='lat' dir='ltr'>omni</span> <span class='ocrx_word' id='word_1_23' title='bbox 679 1011 831 1073; x_wconf 71' lang='lat' dir='ltr'>occasione</span> <span class='ocrx_word' id='word_1_24' title='bbox 848 1012 928 1073; x_wconf 86' lang='lat' dir='ltr'>ultm</span> <span class='ocrx_word' id='word_1_25' title='bbox 941 1011 1065 1073; x_wconf 90' lang='lat' dir='ltr'>modum</span> <span class='ocrx_word' id='word_1_26' title='bbox 1082 1010 1211 1073; x_wconf 87' lang='lat' dir='ltr'>laudem.</span> 
     </span>
     <span class='ocr_line' id='line_1_6' title="bbox 281 1108 1242 1190; baseline -0.006 -15"><span class='ocrx_word' id='word_1_27' title='bbox 281 1119 439 1190; x_wconf 78' lang='lat' dir='ltr'>aegnoseo</span> <span class='ocrx_word' id='word_1_28' title='bbox 460 1109 581 1184; x_wconf 83' lang='lat' dir='ltr'>crimen,</span> <span class='ocrx_word' id='word_1_29' title='bbox 596 1109 761 1189; x_wconf 81' lang='lat' dir='ltr'>amplector</span> <span class='ocrx_word' id='word_1_30' title='bbox 784 1110 884 1170; x_wconf 82' lang='lat' dir='ltr'>etiam.</span> <span class='ocrx_word' id='word_1_31' title='bbox 926 1108 1000 1189; x_wconf 87' lang='lat' dir='ltr'>quid</span> <span class='ocrx_word' id='word_1_32' title='bbox 1018 1109 1100 1171; x_wconf 88' lang='lat' dir='ltr'>enim</span> <span class='ocrx_word' id='word_1_33' title='bbox 1124 1108 1242 1183; x_wconf 73' lang='lat' dir='ltr'>hone-3</span> 
     </span>
     <span class='ocr_line' id='line_1_7' title="bbox 310 1205 1213 1287; baseline -0.004 -19"><span class='ocrx_word' id='word_1_34' title='bbox 310 1207 387 1268; x_wconf 84' lang='lat' dir='ltr'>atine</span> <span class='ocrx_word' id='word_1_35' title='bbox 415 1205 504 1286; x_wconf 88' lang='lat' dir='ltr'>culpa</span> <span class='ocrx_word' id='word_1_36' title='bbox 525 1207 742 1287; x_wconf 65' lang='lat' dir='ltr'>benignitatis?</span> <span class='ocrx_word' id='word_1_37' title='bbox 793 1208 845 1286; x_wconf 91' lang='lat' dir='ltr'>qui</span> <span class='ocrx_word' id='word_1_38' title='bbox 869 1215 941 1268; x_wconf 83' lang='lat' dir='ltr'>eunt</span> <span class='ocrx_word' id='word_1_39' title='bbox 962 1213 1064 1268; x_wconf 86' lang='lat' dir='ltr'>temen</span> <span class='ocrx_word' id='word_1_40' title='bbox 1087 1205 1139 1267; x_wconf 83' lang='lat' dir='ltr'>iati</span> <span class='ocrx_word' id='word_1_41' title='bbox 1159 1205 1213 1285; x_wconf 91' lang='lat' dir='ltr'>qui</span> 
     </span>
     <span class='ocr_line' id='line_1_8' title="bbox 310 1303 1214 1383; baseline -0.001 -18"><span class='ocrx_word' id='word_1_42' title='bbox 310 1304 422 1365; x_wconf 81' lang='lat' dir='ltr'>amiooe</span> <span class='ocrx_word' id='word_1_43' title='bbox 445 1324 527 1366; x_wconf 86' lang='lat' dir='ltr'>meoa</span> <span class='ocrx_word' id='word_1_44' title='bbox 551 1305 659 1367; x_wconf 88' lang='lat' dir='ltr'>meliua</span> <span class='ocrx_word' id='word_1_45' title='bbox 686 1305 808 1366; x_wconf 87' lang='lat' dir='ltr'>norintt</span> <span class='ocrx_word' id='word_1_46' title='bbox 856 1304 910 1367; x_wconf 81' lang='lat' dir='ltr'>aed</span> <span class='ocrx_word' id='word_1_47' title='bbox 936 1312 973 1366; x_wconf 89' lang='lat' dir='ltr'>ut</span> <span class='ocrx_word' id='word_1_48' title='bbox 999 1305 1109 1377; x_wconf 86' lang='lat' dir='ltr'>norint,</span> <span class='ocrx_word' id='word_1_49' title='bbox 1138 1303 1214 1383; x_wconf 86' lang='lat' dir='ltr'>quid</span> 
     </span>
     <span class='ocr_line' id='line_1_9' title="bbox 310 1401 1215 1464; baseline 0 -3"><span class='ocrx_word' id='word_1_50' title='bbox 310 1401 450 1463; x_wconf 87' lang='lat' dir='ltr'>inuident</span> <span class='ocrx_word' id='word_1_51' title='bbox 470 1402 544 1463; x_wconf 87' lang='lat' dir='ltr'>mihi</span> <span class='ocrx_word' id='word_1_52' title='bbox 565 1402 735 1464; x_wconf 82' lang='lat' dir='ltr'>felieiaaimo</span> <span class='ocrx_word' id='word_1_53' title='bbox 756 1404 876 1464; x_wconf 83' lang='lat' dir='ltr'>erroret</span> <span class='ocrx_word' id='word_1_54' title='bbox 918 1409 953 1463; x_wconf 86' lang='lat' dir='ltr'>ut</span> <span class='ocrx_word' id='word_1_55' title='bbox 973 1402 1054 1463; x_wconf 88' lang='lat' dir='ltr'>enim</span> <span class='ocrx_word' id='word_1_56' title='bbox 1072 1421 1133 1462; x_wconf 89' lang='lat' dir='ltr'>non</span> <span class='ocrx_word' id='word_1_57' title='bbox 1151 1401 1215 1463; x_wconf 79' lang='lat' dir='ltr'>sint</span> 
     </span>
     <span class='ocr_line' id='line_1_10' title="bbox 310 1498 1211 1580; baseline -0.002 -20"><span class='ocrx_word' id='word_1_58' title='bbox 310 1498 386 1560; x_wconf 84' lang='lat' dir='ltr'>talea</span> <span class='ocrx_word' id='word_1_59' title='bbox 407 1499 511 1579; x_wconf 74' lang='lat' dir='ltr'>quales</span> <span class='ocrx_word' id='word_1_60' title='bbox 535 1519 553 1560; x_wconf 87' lang='lat' dir='ltr'>a</span> <span class='ocrx_word' id='word_1_61' title='bbox 577 1519 625 1561; x_wconf 91' lang='lat' dir='ltr'>me</span> <span class='ocrx_word' id='word_1_62' title='bbox 649 1499 866 1580; x_wconf 83' lang='lat' dir='ltr'>praedicantur,</span> <span class='ocrx_word' id='word_1_63' title='bbox 889 1519 946 1580; x_wconf 82' lang='lat' dir='ltr'>ego</span> <span class='ocrx_word' id='word_1_64' title='bbox 970 1506 1072 1560; x_wconf 91' lang='lat' dir='ltr'>tamen</span> <span class='ocrx_word' id='word_1_65' title='bbox 1095 1498 1211 1572; x_wconf 77' lang='lat' dir='ltr'>beatus,</span> 
     </span>
     <span class='ocr_line' id='line_1_11' title="bbox 280 1595 1260 1677; baseline -0.003 -19"><span class='ocrx_word' id='word_1_66' title='bbox 280 1597 392 1676; x_wconf 66' lang='lat' dir='ltr'>squod</span> <span class='ocrx_word' id='word_1_67' title='bbox 414 1597 488 1657; x_wconf 92' lang='lat' dir='ltr'>mihi</span> <span class='ocrx_word' id='word_1_68' title='bbox 510 1596 661 1658; x_wconf 87' lang='lat' dir='ltr'>uidentur.</span> <span class='ocrx_word' id='word_1_69' title='bbox 704 1597 799 1677; x_wconf 79' lang='lat' dir='ltr'>igitur</span> <span class='ocrx_word' id='word_1_70' title='bbox 816 1597 855 1656; x_wconf 81' lang='lat' dir='ltr'>ad</span> <span class='ocrx_word' id='word_1_71' title='bbox 876 1596 950 1658; x_wconf 79' lang='lat' dir='ltr'>alios</span> <span class='ocrx_word' id='word_1_72' title='bbox 969 1597 1045 1657; x_wconf 85' lang='lat' dir='ltr'>hano</span> <span class='ocrx_word' id='word_1_73' title='bbox 1059 1595 1213 1657; x_wconf 75' lang='lat' dir='ltr'>sinistram</span> <span class='ocrx_word' id='word_1_74' title='bbox 1230 1617 1260 1655; x_wconf 81' lang='lat' dir='ltr'>ro</span> 
     </span>
     <span class='ocr_line' id='line_1_12' title="bbox 309 1692 1212 1774; baseline -0.002 -19"><span class='ocrx_word' id='word_1_75' title='bbox 309 1694 498 1774; x_wconf 73' lang='lat' dir='ltr'>diligentiam</span> <span class='ocrx_word' id='word_1_76' title='bbox 526 1693 689 1768; x_wconf 83' lang='lat' dir='ltr'>conferant,</span> <span class='ocrx_word' id='word_1_77' title='bbox 719 1714 773 1755; x_wconf 91' lang='lat' dir='ltr'>nee</span> <span class='ocrx_word' id='word_1_78' title='bbox 804 1700 876 1754; x_wconf 87' lang='lat' dir='ltr'>sunt</span> <span class='ocrx_word' id='word_1_79' title='bbox 902 1714 1008 1773; x_wconf 86' lang='lat' dir='ltr'>parum</span> <span class='ocrx_word' id='word_1_80' title='bbox 1036 1692 1133 1769; x_wconf 81' lang='lat' dir='ltr'>multi,</span> <span class='ocrx_word' id='word_1_81' title='bbox 1158 1693 1212 1773; x_wconf 90' lang='lat' dir='ltr'>qui</span> 
     </span>
     <span class='ocr_line' id='line_1_13' title="bbox 308 1790 1211 1872; baseline 0 -20"><span class='ocrx_word' id='word_1_82' title='bbox 308 1810 430 1872; x_wconf 83' lang='lat' dir='ltr'>oarpere</span> <span class='ocrx_word' id='word_1_83' title='bbox 442 1791 555 1853; x_wconf 77' lang='lat' dir='ltr'>amieos</span> <span class='ocrx_word' id='word_1_84' title='bbox 569 1811 639 1854; x_wconf 80' lang='lat' dir='ltr'>euos</span> <span class='ocrx_word' id='word_1_85' title='bbox 653 1791 796 1853; x_wconf 77' lang='lat' dir='ltr'>iudicium</span> <span class='ocrx_word' id='word_1_86' title='bbox 815 1799 942 1853; x_wconf 83' lang='lat' dir='ltr'>nocent:</span> <span class='ocrx_word' id='word_1_87' title='bbox 966 1790 1040 1852; x_wconf 89' lang='lat' dir='ltr'>mihi</span> <span class='ocrx_word' id='word_1_88' title='bbox 1057 1810 1211 1870; x_wconf 87' lang='lat' dir='ltr'>nunquam</span> 
     </span>
     <span class='ocr_line' id='line_1_14' title="bbox 309 1888 1210 1970; baseline -0.001 -19"><span class='ocrx_word' id='word_1_89' title='bbox 309 1888 534 1970; x_wconf 75' lang='lat' dir='ltr'>persuadebunt</span> <span class='ocrx_word' id='word_1_90' title='bbox 556 1897 592 1950; x_wconf 90' lang='lat' dir='ltr'>ut</span> <span class='ocrx_word' id='word_1_91' title='bbox 619 1909 700 1950; x_wconf 80' lang='lat' dir='ltr'>meos</span> <span class='ocrx_word' id='word_1_92' title='bbox 723 1889 817 1949; x_wconf 87' lang='lat' dir='ltr'>amari</span> <span class='ocrx_word' id='word_1_93' title='bbox 840 1909 859 1948; x_wconf 86' lang='lat' dir='ltr'>a</span> <span class='ocrx_word' id='word_1_94' title='bbox 882 1908 930 1950; x_wconf 89' lang='lat' dir='ltr'>me</span> <span class='ocrx_word' id='word_1_95' title='bbox 952 1888 1076 1949; x_wconf 91' lang='lat' dir='ltr'>nimium</span> <span class='ocrx_word' id='word_1_96' title='bbox 1096 1897 1210 1968; x_wconf 84' lang='lat' dir='ltr'>putem</span> 
     </span>
    </p>
   </div>
   <div class='ocr_carea' id='block_1_4' title="bbox 309 1985 385 2049">
    <p class='ocr_par' dir='ltr' id='par_1_4' title="bbox 309 1985 385 2049">
     <span class='ocr_line' id='line_1_15' title="bbox 309 1985 385 2049; baseline 0 0"><span class='ocrx_word' id='word_1_97' title='bbox 309 1985 385 2049; x_wconf 71' lang='lat' dir='ltr'>uela</span> 
     </span>
    </p>
   </div>
   <div class='ocr_carea' id='block_1_5' title="bbox 306 2181 1212 2494">
    <p class='ocr_par' dir='ltr' id='par_1_5' title="bbox 306 2181 1212 2494">
     <span class='ocr_line' id='line_1_16' title="bbox 342 2181 1211 2249; baseline 0 -15"><span class='ocrx_word' id='word_1_98' title='bbox 342 2189 380 2234; x_wconf 75' lang='grc' dir='ltr'><strong>υ</strong></span> <span class='ocrx_word' id='word_1_99' title='bbox 403 2184 573 2249; x_wconf 57' lang='lat' dir='ltr'>tamquam</span> <span class='ocrx_word' id='word_1_100' title='bbox 592 2187 619 2234; x_wconf 76' lang='grc' dir='ltr'>Ι</span> <span class='ocrx_word' id='word_1_101' title='bbox 638 2186 771 2249; x_wconf 81' lang='lat' dir='ltr'>tamqnam</span> <span class='ocrx_word' id='word_1_102' title='bbox 788 2183 812 2233; x_wconf 78' lang='lat' dir='ltr'>ai</span> <span class='ocrx_word' id='word_1_103' title='bbox 828 2195 863 2233; x_wconf 82' lang='lat' dir='ltr'>ou</span> <span class='ocrx_word' id='word_1_104' title='bbox 880 2181 985 2249; x_wconf 75' lang='lat' dir='ltr'>quode</span> <span class='ocrx_word' id='word_1_105' title='bbox 1023 2182 1039 2238; x_wconf 86' lang='grc'><strong>7</strong></span> <span class='ocrx_word' id='word_1_106' title='bbox 1057 2182 1152 2234; x_wconf 79' lang='lat' dir='ltr'>melina</span> <span class='ocrx_word' id='word_1_107' title='bbox 1169 2199 1211 2234; x_wconf 89' lang='lat' dir='ltr'>me</span> 
     </span>
     <span class='ocr_line' id='line_1_17' title="bbox 307 2263 1211 2317; baseline -0.001 -1"><span class='ocrx_word' id='word_1_108' title='bbox 307 2264 399 2316; x_wconf 80' lang='lat' dir='ltr'>norint</span> <span class='ocrx_word' id='word_1_109' title='bbox 415 2263 552 2317; x_wconf 68' lang='lat' dir='ltr'>ceneten</span> <span class='ocrx_word' id='word_1_110' title='bbox 568 2282 610 2316; x_wconf 92' lang='lat' dir='ltr'>me</span> <span class='ocrx_word' id='word_1_111' title='bbox 628 2265 721 2316; x_wconf 83' lang='lat' dir='ltr'>melina</span> <span class='ocrx_word' id='word_1_112' title='bbox 737 2265 828 2315; x_wconf 87' lang='lat' dir='ltr'>norint</span> <span class='ocrx_word' id='word_1_113' title='bbox 843 2264 986 2316; x_wconf 75' lang='lat' dir='ltr'>Mammam</span> <span class='ocrx_word' id='word_1_114' title='bbox 1026 2266 1042 2316; x_wconf 85' lang='grc'>8</span> <span class='ocrx_word' id='word_1_115' title='bbox 1061 2280 1148 2315; x_wconf 89' lang='lat' dir='ltr'>errore</span> <span class='ocrx_word' id='word_1_116' title='bbox 1168 2269 1211 2315; x_wconf 71' lang='lat' dir='ltr'>ua</span> 
     </span>
     <span class='ocr_line' id='line_1_18' title="bbox 306 2345 1212 2413; baseline 0.002 -17"><span class='ocrx_word' id='word_1_117' title='bbox 306 2361 422 2396; x_wconf 86' lang='lat' dir='ltr'>errorem</span> <span class='ocrx_word' id='word_1_118' title='bbox 432 2359 468 2396; x_wconf 83' lang='lat' dir='ltr'>ou</span> <span class='ocrx_word' id='word_1_119' title='bbox 500 2346 623 2412; x_wconf 80' lang='lat' dir='ltr'>9qualea</span> <span class='ocrx_word' id='word_1_120' title='bbox 640 2351 690 2405; x_wconf 69' lang='lat' dir='ltr'>lta,</span> <span class='ocrx_word' id='word_1_121' title='bbox 706 2362 755 2395; x_wconf 85' lang='lat' dir='ltr'>om.</span> <span class='ocrx_word' id='word_1_122' title='bbox 769 2359 803 2396; x_wconf 88' lang='lat' dir='ltr'>ou</span> <span class='ocrx_word' id='word_1_123' title='bbox 820 2345 885 2397; x_wconf 71' lang='lat' dir='ltr'>utf</span> <span class='ocrx_word' id='word_1_124' title='bbox 917 2348 946 2397; x_wconf 82' lang='lat'>13</span> <span class='ocrx_word' id='word_1_125' title='bbox 962 2346 1072 2398; x_wconf 86' lang='lat' dir='ltr'>nimiam</span> <span class='ocrx_word' id='word_1_126' title='bbox 1089 2351 1212 2413; x_wconf 74' lang='lat' dir='ltr'>paterne</span> 
     </span>
     <span class='ocr_line' id='line_1_19' title="bbox 307 2427 920 2494; baseline -0.002 -14"><span class='ocrx_word' id='word_1_127' title='bbox 307 2427 419 2480; x_wconf 84' lang='lat' dir='ltr'>nimium</span> <span class='ocrx_word' id='word_1_128' title='bbox 430 2433 518 2479; x_wconf 84' lang='lat' dir='ltr'>eutem</span> <span class='ocrx_word' id='word_1_129' title='bbox 531 2431 558 2478; x_wconf 71' lang='grc' dir='ltr'>Ι</span> <span class='ocrx_word' id='word_1_130' title='bbox 568 2429 647 2479; x_wconf 83' lang='lat' dir='ltr'>nimia</span> <span class='ocrx_word' id='word_1_131' title='bbox 657 2444 772 2494; x_wconf 86' lang='lat' dir='ltr'>unquam</span> <span class='ocrx_word' id='word_1_132' title='bbox 783 2430 874 2493; x_wconf 86' lang='lat' dir='ltr'>putem</span> <span class='ocrx_word' id='word_1_133' title='bbox 885 2441 920 2479; x_wconf 81' lang='lat' dir='ltr'>ou</span> 
     </span>
    </p>
   </div>
   <div class='ocr_carea' id='block_1_6' title="bbox 0 0 1480 4175">
    <p class='ocr_par' dir='ltr' id='par_1_6' title="bbox 0 0 1480 4175">
     <span class='ocr_line' id='line_1_20' title="bbox 0 0 1480 4175; baseline 0 1"><span class='ocrx_word' id='word_1_134' title='bbox 0 0 1480 4175; x_wconf 95' lang='lat' dir='ltr'> </span> 
     </span>
    </p>
   </div>
  </div>
 </body>
</html>
