2950 4175
326 387 378 442 69.
397 387 459 448 (ΙΧ.
470 387 513 446 33)
578 386 777 438 EPISTVLAE
795 388 987 440 SELECTAE.
1189 389 1234 436 129

325 533 430 591 Attica
451 532 496 590 ita
517 531 686 602 noscitauit
703 530 785 593 οὗτός
800 531 862 590 ἐστι
877 533 1072 608 Δημοσθένης,
1088 552 1145 612 ego
1162 531 1233 590 ccle-

324 629 437 687 britatc
452 627 582 687 nominis
597 627 654 685 mci
669 627 800 705 gaudere
815 650 875 687 rien
890 630 1005 690 debeo?
1046 651 1101 711 ego
1117 649 1188 689 uero
1204 639 1234 686 et·

322 725 442 803 gaudeo
464 733 496 784 et
515 722 648 803 gaudere
670 743 716 782 me
730 723 805 782 dice.
849 746 946 803 neque
968 728 1046 786 euim
1070 747 1176 787 uereor
1197 721 1263 784 acss

324 821 486 881 iactantior
507 819 620 890 uidear,
639 839 706 878 cum
727 819 766 879 dc
787 840 834 879 me
855 822 982 882 aliorum
1003 825 1156 896 iudicium,
1175 843 1232 882 non

296 931 426 981 §mcum
454 917 583 996 profero,
610 916 785 993 praesertim
809 918 891 996 apud
917 928 955 990 te,
983 922 1033 997 qui
1064 941 1117 982 uec
1143 921 1232 980 ullius

323 1015 443 1074 iuuidcs
458 1012 597 1073 laudibus
613 1022 644 1071 ct
658 1013 741 1072 fatuas
757 1015 875 1074 uostris.
920 1017 994 1076 ualc.

676 1273 728 1329 68.
763 1273 821 1334 (IX.
837 1276 890 1334 24.)

505 1407 534 1460 G.
555 1407 702 1458 PLINIVS
720 1406 921 1458 SABINIANO
939 1407 1006 1458 SVO
1023 1407 1049 1458 S.

365 1538 447 1598 Bene
472 1537 569 1597 fecisti
595 1538 677 1615 quod
701 1538 843 1597 libertum
866 1536 1029 1614 aliquando
1052 1537 1106 1596 tibi
1130 1558 1230 1598 cariam

279 1676 310 1711 10
323 1635 538 1696 reducentibus
563 1637 699 1714 epistulis
727 1637 800 1696 meis
828 1637 859 1694 in
884 1635 1015 1706 (lamam,
1042 1637 1072 1693 ia
1098 1637 1230 1695 aninmm

324 1735 472 1814 recepisti,
515 1734 633 1793 iuuabit
655 1735 709 1794 boc
731 1743 779 1794 tc:
801 1753 848 1793 me
864 1744 944 1792 certe
966 1735 1070 1806 iuuat;
1091 1734 1229 1811 primum,

324 1832 405 1911 quod
428 1840 459 1891 te
474 1841 537 1890 tam
552 1832 741 1892 tractabilem
763 1831 851 1891 uideo
872 1832 958 1890 utin
981 1832 1025 1890 ira
1043 1832 1106 1911 regi
1128 1834 1229 1911 possis,

323 1930 441 2003 deinde,
461 1929 542 2008 quod
564 1938 684 1988 tantum
705 1930 779 1989 mihi
802 1929 909 1988 tribuis
931 1938 967 1990 ut
988 1930 1035 1990 uel
1056 1931 1230 1992 auctoritati

323 2048 408 2089 meae
428 2048 533 2108 parcas
552 2027 600 2088 uel
618 2028 755 2108 precibus
773 2027 939 2107 indulgeas
984 2028 1077 2108 igitur
1095 2038 1126 2089 ct
1142 2029 1231 2089 laudo

279 2166 310 2217 ,5
323 2136 354 2187 ct
368 2127 483 2207 gratias
497 2147 562 2205 age.
592 2127 680 2186 simul
696 2128 726 2185 ia
742 2137 894 2204 posterum
911 2147 1018 2186 moneo
1033 2138 1068 2186 ut
1083 2138 1113 2186 te
1127 2130 1231 2188 errori-

323 2225 379 2284 bus
395 2234 527 2293 tuorum,
545 2225 601 2284 etsi
617 2244 675 2283 uon
692 2225 784 2283 luerit
799 2224 849 2300 qui
866 2223 1044 2302 deprecetur
1056 2226 1230 2305 placabilem

324 2332 465 2402 praestes,
510 2321 584 2381 uale.

1255 2388 1292 2401 *A

674 2581 726 2637 69.
761 2582 820 2642 (ΙΧ.
834 2583 889 2643 33.)

527 2716 556 2767 O.
578 2715 724 2767 PLINIVS
740 2715 896 2767 CANINIO
913 2716 981 2767 SVO
999 2719 1023 2768 S.

279 2866 311 2901 20
366 2848 459 2908 lucidi
490 2849 518 2905 ia
545 2848 699 2906 materiam
727 2868 837 2918 ueram,
862 2848 913 2906 serl
940 2848 1119 2907 simillimam
1145 2847 1258 2908 lictael

324 2946 506 3024 dignamque
522 2946 580 3003 isto
595 2945 765 3015 laetissima,
779 2946 932 3018 altissima,
951 2947 1097 3026 planeque
1116 2949 1231 3026 paelice

325 3045 454 3121 iugenio,
492 3043 581 3101 incidi
621 3056 731 3115 autem,
769 3044 840 3104 (lum
881 3065 970 3122 super
1006 3066 1109 3104 cenam
1148 3047 1229 3104 uaria

327 3219 337 3266 l
358 3217 501 3266 noscitauit
510 3221 569 3265 Meu
582 3217 803 3268 demonstrante

359 3306 400 3346 68
422 3301 450 3347 12
466 3307 519 3348 tam
533 3299 698 3348 tractabilem
711 3305 772 3351 flou
783 3301 863 3349 talem
874 3314 892 3350 ι
924 3302 952 3349 13
967 3301 1036 3364 ‹prml
1049 3316 1101 3351 oua
1112 3317 1192 3365 quum
1205 3307 1231 3350 u

329 3382 357 3429 ll
374 3392 402 3429 ct
415 3382 493 3429 lauda
504 3390 532 3429 et
543 3395 596 3430 oua
609 3382 688 3431 laudo
698 3394 724 3431 ct
738 3389 764 3432 H
798 3389 833 3440 (Ι
845 3383 935 3433 lecal-a
946 3385 1014 3446 oJl'iu
1032 3386 1079 3433 IX.
1096 3390 1133 3433 a’t'.
1149 3390 1175 3442 Sl

359 3468 399 3508 69
417 3465 444 3509 ’21
468 3464 518 3510 isto
530 3463 674 3513 lar-tiammo
684 3478 701 3513 a
713 3466 869 3514 scholastica
881 3470 944 3523 (sea
958 3470 986 3515 ul
998 3480 1031 3514 ou

772 3559 781 3595 l
