2950 4175
302 395 336 444 92
503 392 532 444 O.
553 391 654 442 PLINI
670 391 816 444 CAECILI
833 390 992 444 SECVNDI
1025 391 1077 446 48.
1096 389 1154 451 (VI.
1164 389 1207 449 20)

303 539 393 600 modo
435 538 533 598 infusa
571 545 677 610 terrae,
717 539 905 617 sequebatur.
971 535 1208 598 ‘deflectamus'
1263 559 1265 562 ·

303 637 435 715 inquam,
453 635 541 695 ‘dum
556 635 701 706 uidemus,
718 657 756 696 ne
770 637 802 696 in
821 637 871 697 uia
890 637 977 696 strati
999 635 1207 696 comitantium

257 733 290 790 14
303 735 393 793 turba
413 734 445 792 in
466 733 598 792 tenebris
619 733 811 794 obteramur.'
853 735 905 795 uix
927 734 1159 807 consideramus,
1178 744 1209 793 et

193 860 197 902 ς
303 853 372 903 nox,
389 851 448 891 non
468 829 564 908 qualis
585 829 686 890 illunis
706 839 760 890 eut
778 832 888 906 nubila,
906 833 956 893 sed
979 831 1077 912 qualis
1091 832 1122 891 in
1137 831 1209 891 locis

193 949 244 979 2---
303 929 418 1000 clausis,
429 927 543 987 lumine
554 927 711 987 exstincto.
743 929 862 990 audires
874 929 1007 990 ululatus
1019 931 1217 1000 feminarum„
1240 937 1253 989 5

303 1025 465 1086 infantium
479 1023 650 1103 quiritatus,
663 1023 807 1085 clamores
822 1026 956 1087 uirorum
968 1051 975 1087 :
993 1026 1044 1086 alii
1059 1032 1207 1106 parentes,

303 1122 353 1183 alii
368 1122 485 1194 liberos,
501 1121 553 1181 alii
573 1122 712 1202 coniuges
727 1122 850 1183 uocibus
867 1124 1068 1202 requirebant,
1086 1122 1209 1183 uocibus

303 1219 506 1280 noscitabant:
521 1219 552 1278 hi
563 1239 651 1280 suum
662 1240 771 1294 casum,
784 1219 828 1279 illi
839 1239 961 1281 suorum
974 1221 1209 1282 miserabantur:

259 1321 290 1378 15
304 1326 390 1378 erant
403 1318 456 1396 qui
471 1327 555 1378 metu
569 1319 674 1379 mertis
689 1327 817 1379 mertem
834 1327 1046 1397 preberentur:
1068 1318 1156 1379 multi
1170 1316 1207 1377 ad

303 1415 376 1476 dees
396 1434 502 1476 manus
523 1415 637 1488 tollere,
658 1416 759 1496 plures
780 1437 928 1496 nusquam
948 1417 1008 1477 iam
1029 1416 1101 1478 deos
1123 1415 1207 1489 ullos,
1226 1424 1256 1460 ¹0

303 1520 516 1590 aeternamque
548 1513 631 1573 illam
663 1522 695 1574 et
727 1515 921 1574 nouissimam
949 1522 1067 1574 noctem
1096 1512 1210 1574 munde

303 1610 590 1688 interpretabantur.
627 1630 680 1670 nec
690 1610 853 1670 defuerunt
864 1611 916 1689 qui
927 1611 1003 1670 fictis
1014 1610 1209 1688 mentitisque

304 1707 469 1768 terroribus
485 1727 556 1767 uera
570 1707 702 1786 pericula
712 1717 864 1787 augerent.
898 1707 1025 1768 ederant
1035 1708 1087 1784 qui
1100 1707 1208 1767 Miseni

304 1804 379 1864 illud
408 1805 511 1878 ruisse,
537 1805 613 1865 illud
641 1805 869 1875 ardere-false,
896 1804 949 1865 sed
977 1804 1208 1864 credentibus-

259 1908 291 1966 le
304 1903 493 1963 nuntiabant.
544 1902 666 1982 paulum
691 1902 803 1963 reluxit
815 1926 822 1976 ;
851 1903 931 1981 qued
957 1922 1017 1963 non
1037 1901 1102 1962 dies
1123 1903 1209 1962 nobis
1226 1913 1253 1965 Ι5

303 1999 357 2061 sed
381 2000 575 2061 aduentantis
597 2000 676 2080 ignis
698 1999 842 2060 indicium
866 1999 1035 2059 uidebatur.
1078 2007 1110 2061 et
1130 2000 1209 2078 ignis

304 2098 426 2179 quidem
440 2098 559 2179 longius
574 2098 719 2173 substitit,
735 2099 877 2171 tenebrae
892 2118 1003 2170 rursus,
1017 2099 1091 2159 cinis
1106 2118 1209 2158 rursus

304 2196 418 2257 multus
452 2205 485 2257 et
518 2196 628 2276 grauis.
691 2195 771 2256 hunc
809 2194 974 2256 identidem
1011 2195 1209 2275 adsurgentes

304 2294 549 2355 excutiebamus:
591 2294 687 2372 operti
722 2293 834 2371 alioqui
868 2302 960 2371 atque
995 2294 1086 2353 etiam
1120 2292 1207 2353 oblisi

259 2401 292 2457 17
304 2392 436 2471 pondere
450 2411 595 2453 essemus.
626 2410 743 2469 possem
758 2391 877 2471 gloriari
891 2411 951 2451 non
965 2392 1112 2471 gemitum
1124 2390 1206 2462 mihi,
1223 2400 1254 2436 ²0

304 2510 365 2550 nen
380 2509 483 2550 uocem
497 2508 603 2567 parum
619 2489 727 2548 fortem
742 2490 773 2548 in
788 2489 882 2549 tantis
899 2488 1038 2567 periculis
1053 2487 1206 2560 excidisse,

304 2588 361 2647 nisi
383 2607 430 2646 me
445 2607 512 2647 cum
534 2587 681 2658 omnibus,
704 2587 804 2647 omnia
824 2605 941 2645 mecum
963 2587 1068 2665 perire,
1090 2584 1206 2657 misere,

304 2705 414 2764 magno
428 2694 530 2744 tamen
546 2683 738 2745 mortalitatis
752 2682 861 2744 solacio
874 2682 1074 2744 credidissem.

259 2794 291 2851 18
344 2782 480 2842 Tandem
521 2782 573 2841 illa
614 2782 709 2862 caligo
747 2790 872 2841 tenuata
906 2781 991 2859 quasi
1026 2781 1057 2839 in
1092 2780 1208 2839 fumum

306 2880 483 2941 nebulamue
518 2879 674 2940 discessit:
712 2900 781 2938 mox
813 2878 878 2939 dies
912 2898 1010 2951 uerus,
1043 2877 1086 2937 soi
1118 2878 1207 2937 ctiam
1223 2890 1253 2942 25

305 2978 423 3048 effulsit,
441 2977 559 3037 luridus
580 2988 689 3048 tamen,
706 2976 802 3054 qualis
819 2996 890 3044 esse,
907 2996 975 3037 cum
996 2976 1105 3047 deficit,
1122 2975 1206 3035 solet.

304 3077 500 3137 occursalmnt
517 3073 735 3152 trepidantibus
754 3073 851 3133 adhuc
870 3073 963 3135 oculis
978 3084 1094 3133 mutata
1108 3074 1209 3133 emnia

304 3315 320 3363 3
336 3313 487 3361 obterantur
499 3311 534 3361 fa
551 3311 584 3359 ob
597 3318 693 3359 terrum
711 3311 771 3369 (cred
787 3311 820 3370 os
832 3311 891 3369 line)
908 3325 926 3360 u
940 3311 1081 3361 obruemur
1095 3325 1110 3361 0
1124 3312 1205 3375 operi·

304 3400 418 3444 emurbi
458 3395 491 3443 25
508 3393 564 3441 dies
584 3408 661 3441 uerus
680 3396 705 3440 Μ
723 3391 779 3440 dies
800 3408 859 3441 ucre
877 3406 895 3441 a
913 3392 970 3442 dies
992 3406 1026 3442 ou
1067 3394 1098 3444 27
1118 3408 1204 3440 occur·

304 3476 398 3525 rebant
414 3490 432 3525 a
