2950 4175
293 381 327 435 to
498 380 810 435 cremensem
826 380 985 437 SWVNDI
1023 380 1197 447 ΩΜΠΗ)

249 533 283 592 15
295 547 349 589 nos
362 527 472 588 uixisse
488 538 640 589 testemur.
683 527 744 590 scio
757 538 790 590 te
802 528 933 591 stimulis
946 548 1008 591 non
1018 548 1126 611 egere5
1145 548 1197 591 me

294 634 395 685 tamen
404 625 450 685 tui
458 624 567 685 caritas
575 634 682 687 euocat
690 634 902 687 utcunentem
911 645 1032 706 quoqne
1040 626 1195 709 instigem,

173 717 209 775 ..ῗι
240 740 254 752 ·’
294 723 372 784 sicut
395 732 430 782 tu
457 721 534 783 soles
561 741 617 783 me
661 720 757 802 ἀγαθὴ
777 723 801 781 δ’
821 722 887 799 ἔρις,
902 743 971 785 cum
990 725 1023 785 in
1043 724 1141 787 uicem
1161 742 1197 785 se

293 819 407 881 mutuis
415 818 674 881 exhortationibus
681 819 769 883 amici
776 820 1197 885 cdamoremimmortslitetis

294 925 450 978 exacuunt.
494 914 569 977 uele.
1227 934 1242 991 ς

633 1215 682 1273 fid
720 1215 782 1279 (111
804 1220 856 1280 ll.)

428 1331 456 1384 C.
469 1328 615 1383 PLINIVS
631 1330 731 1384 IVLIO
747 1332 924 1385 cnnffom
939 1332 1008 1387 SVO
1023 1332 1050 1385 S.

265 1461 280 1517 1
333 1455 389 1517 Est
402 1456 522 1517 omnino
537 1456 719 1519 Artemidori
738 1459 834 1521 nostri
852 1466 916 1521 tam
934 1458 1065 1541 benigna
1082 1469 1196 1521 natmn

293 1562 329 1614 ut
348 1553 443 1614 officia
462 1553 625 1615 amicorum
648 1554 680 1615 in
707 1550 814 1617 maius
829 1554 973 1619 extollet:
1000 1555 1071 1617 inde
1098 1556 1195 1619 etiem

293 1671 392 1712 meum
414 1651 554 1711 meritum
572 1660 608 1711 ut
626 1672 697 1712 uem
715 1652 758 1713 ita
775 1673 866 1733 supra
883 1652 1024 1715 meritum
1043 1652 1195 1735 praedicer
1210 1680 1243 1718 ro

263 1755 280 1812 2
293 1750 375 1810 tione
388 1749 567 1810 circumfert.
611 1750 757 1829 equidem,
772 1770 840 1811 cum
854 1760 955 1813 essent
968 1751 1138 1834 philosophi
1151 1753 1193 1815 ab

293 1846 365 1906 urbe
384 1847 534 1920 summoti,
555 1846 599 1907 lui
619 1847 700 1928 apud
719 1847 804 1909 illum
823 1848 854 1908 in
874 1848 1055 1923 suburbano,
1077 1858 1110 1911 et
1129 1870 1193 1929 quo

293 1944 461 2019 notabilius,
484 1944 540 2007 hoc
568 1953 614 2007 ast
640 1944 841 2026 periculosius,
870 1954 957 2021 esset,
986 1947 1031 2009 lui
1058 1958 1190 2029 praetor.

292 2042 447 2125 pecuniam
462 2043 561 2117 etiam,
581 2064 641 2124 qua
659 2053 731 2106 tunc
748 2043 791 2105 illi
809 2043 953 2126 ampliore
971 2065 1047 2126 opus
1065 2055 1138 2121 erat,
1154 2053 1193 2108 ut

291 2163 341 2204 aes
361 2142 492 2203 alienum
513 2142 681 2204 exsolueret
701 2152 889 2205 contractum
916 2163 955 2205 ex
981 2143 1191 2225 pulcherrimis
1206 2164 1237 2218 rs

291 2240 395 2315 mirsia,
410 2240 612 2302 mussantibus
625 2241 741 2323 magnis
754 2240 932 2321 quibusdam
946 2249 978 2305 et
991 2241 1192 2324 locupletibus

262 2350 279 2407 3
291 2340 393 2400 amicis
407 2350 563 2400 mutuatus
576 2340 638 2420 ipso
648 2340 810 2422 grntrritam
822 2340 900 2401 dedi.
935 2349 1027 2421 atque
1038 2342 1112 2404 baec
1121 2343 1188 2418 feci,

291 2458 359 2498 cum
383 2447 498 2517 septem
521 2436 623 2498 amicis
648 2438 721 2498 meis
748 2447 803 2498 aut
829 2438 931 2500 occisis
957 2447 1013 2501 aut
1038 2440 1188 2524 relegatis,

291 2535 394 2597 occisis
405 2535 573 2608 Senecione,
586 2535 716 2609 Rustico,
731 2535 879 2610 Heluidio,
892 2537 1032 2620 relegatis
1042 2538 1188 2613 Maurico,

292 2634 428 2706 Gratilla,
445 2634 541 2705 Arria,
557 2632 679 2707 Fannia,
695 2644 743 2694 tot
756 2634 833 2695 circa
847 2655 894 2695 me
909 2635 994 2697 iactis
1012 2635 1190 2698 fulminibus
1202 2658 1236 2695 so

291 2732 376 2811 quasi
390 2731 545 2792 ambustus
560 2732 632 2792 mihi
647 2751 765 2810 quoquo
780 2731 951 2811 impendere
965 2732 1044 2793 idem
1059 2734 1187 2796 exitium

262 2831 380 2896 scortis
407 2829 584 2909 quilmsrlam
606 2830 685 2889 notis
705 2849 874 2908 rurgurnrcr.
918 2850 976 2889 non
998 2830 1066 2890 ideo
1086 2840 1187 2893 tamen

292 2928 430 2989 eximiam
445 2927 570 3007 gloriam
585 2927 725 2987 meruisse
740 2948 795 2998 mo,
812 2941 844 2986 ut
860 2926 909 2987 illc
924 2927 1083 3007 praedicat,
1098 2927 1188 2991 credo
1214 2952 1220 2962 ·

262 3027 343 3091 baed
359 3036 476 3086 tuntum
492 3025 629 3105 offrrgissc
645 3025 798 3104 flagitium.
836 3045 903 3084 nam
914 3034 946 3085 et
957 3024 990 3086 C.
1004 3024 1186 3100 Musonium,

292 3144 425 3185 socerum
445 3124 515 3193 cine,
537 3132 682 3201 quantum
703 3122 816 3181 licitum
839 3136 884 3182 ost
904 3143 956 3202 per
974 3133 1104 3184 aetatem
1118 3145 1187 3186 curn
1201 3143 1233 3197 ²5

292 3221 488 3283 admiratione
503 3218 603 3292 dilexi,
623 3229 655 3279 ct
673 3218 897 3281 Artemidorum
915 3220 1091 3299 ipsum-iam
1109 3229 1186 3297 tum,

659 3380 669 3427 l
689 3394 729 3427 me
740 3394 787 3428 om.
802 3384 821 3429 l*

596 3466 638 3510 20
654 3462 669 3513 'r'
686 3459 822 3510 1vnoom.
837 3465 884 3510 HV
