2950 4175
594 366 877 425 lrl'ruonucrlort.
1156 376 1195 429 xli

283 530 362 575 uxvr
383 530 507 576 ncuxvr
531 547 537 558 ·
558 529 612 574 aru
639 531 690 588 ·p.
714 511 825 588 besum
846 539 962 596 meram
983 528 1195 587 mmm.

282 625 402 670 rosrss
427 641 433 653 ·
459 626 504 670 An
529 641 536 654 ·
562 622 695 671 m‘vuvu
718 607 816 686 tplne
840 643 847 656 ·
872 631 982 680 vam
1011 636 1195 683 .V01,m.

283 721 446 767 reanum
460 754 563 768 .....
579 696 750 766 terracinus
770 736 775 747 ·
795 722 895 771 nnnrr
913 745 919 756 ·
940 731 975 775 nr
996 748 1003 760 ·
1022 732 1195 778 ssrusur·

283 804 1197 882 amnonis-r·1²vmma·rrm·vsms·ns·e.rem

283 899 482 993 bytbotbemm,
510 907 536 960 et
566 915 601 960 nr
628 930 634 941 ·
659 914 809 958 rvrauau
834 932 840 943 ·
868 919 1051 970 ursmorrrs
1073 916 1079 981 Ι
1100 925 1195 971 css·

283 1011 326 1056 HS
344 1025 350 1038 ·
365 1012 393 1057 0.

326 1093 433 1164 (Gaius
467 1093 593 1166 Plinius,
637 1091 712 1153 Luci
746 1091 834 1165 filius,
871 1093 1037 1161 Oufentina
1074 1099 1193 1177 (tribu),

284 1189 432 1252 Caecilius
474 1190 638 1263 Secundus,
681 1189 793 1263 consul,
830 1210 935 1271 augur,
979 1196 1098 1277 legatus
1140 1216 1196 1276 pm

284 1296 422 1367 praetore
449 1287 622 1368 prouinciae
650 1286 741 1347 Ponti
771 1297 803 1347 et
838 1287 1008 1368 Bithyniae,
1044 1292 1195 1354 consulari

285 1394 436 1466 potestate
463 1386 495 1445 in
523 1406 589 1446 eam
617 1384 803 1464 prouinciam
832 1405 870 1444 ex
898 1398 1020 1450 senatus
1055 1388 1195 1450 consulto

285 1483 392 1543 missus
403 1483 442 1543 ab
454 1483 634 1561 imperatore
644 1482 770 1543 Caesare
781 1480 885 1542 Nerua
893 1482 1031 1558 Traiano,
1041 1487 1193 1567 Auguste,

285 1580 472 1653 Germanico,
488 1580 607 1654 Dacico,
623 1588 709 1660 patra
720 1579 843 1658 patriae,
856 1590 977 1641 curator
986 1582 1066 1643 aluei
1078 1583 1195 1643 Tiberis

285 1687 315 1738 et
342 1679 477 1758 riparum
505 1687 538 1738 et
570 1678 737 1738 cloacarum
774 1677 864 1748 urbis,
894 1678 1063 1757 praefectus
1097 1680 1195 1740 aerari

285 1775 417 1850 Saturni,
433 1776 604 1855 praefectus
618 1776 714 1836 aerari
734 1775 883 1846 militaris,
904 1783 1032 1854 praetor,
1053 1776 1195 1836 tribunus

287 1873 389 1952 plebis,
412 1882 556 1952 quaestor
576 1873 773 1952 imperatoris,
797 1873 878 1933 sauir
899 1873 1036 1950 equitum
1066 1873 1195 1933 Roman-

285 1991 379 2044 orum,
409 1971 551 2031 tribunus
583 1969 714 2030 militum
747 1969 872 2048 legionis
907 1970 1016 2030 tertiae
1050 1969 1194 2043 Gallicae,

285 2069 438 2132 decemuir
456 2069 591 2130 stlitibus
608 2067 785 2140 iudicandis,
810 2067 943 2128 thermas
962 2088 1001 2127 ex
1020 2068 1196 2129 sestertium

286 2214 477 2241 .......
498 2166 625 2229 adiectis
646 2166 678 2225 in
699 2175 839 2226 ornatum
858 2166 1031 2226 sestertium
1051 2168 1196 2228 trecentis

285 2266 406 2326 milibus
425 2274 458 2325 et
475 2311 614 2325 ......
634 2271 666 2323 et
684 2284 719 2323 eo
737 2264 867 2341 amplius
887 2264 919 2322 in
941 2264 1069 2324 tutelam
1090 2274 1196 2326 sester-

286 2364 362 2422 tium
376 2361 516 2422 dueentis
533 2361 662 2433 milibus,
679 2371 861 2420 testamento
878 2361 941 2420 fieri
959 2361 1055 2434 iussit,
1072 2362 1146 2423 item
1163 2364 1195 2423 in

285 2461 430 2521 alimenta
443 2459 621 2520 libertorum
641 2479 762 2518 suorum
780 2458 937 2517 hominum
952 2468 1074 2519 centum
1089 2470 1196 2521 sester-

290 2559 364 2617 tium
388 2556 603 2618 duodeuieicns
630 2567 757 2616 centena
785 2566 816 2615 et
844 2556 1003 2636 sexaginta
1030 2577 1083 2617 sex
1112 2558 1196 2618 milis

286 2678 353 2717 cum
368 2656 518 2716 sexcentis
545 2654 703 2734 sexaginte
730 2675 783 2714 sex
818 2654 861 2713 rei
898 2654 1034 2731 publicae
1070 2655 1193 2736 legauit,

286 2773 415 2832 quorum
429 2753 614 2813 incrementa
633 2760 736 2831 postea
755 2750 794 2810 ad
814 2750 937 2829 epulum
953 2751 1047 2829 plebis
1063 2752 1195 2813 urbanae

288 2852 385 2911 uoluit
407 2851 557 2931 pertinere
579 2897 586 2910 .
609 2897 616 2909 .
640 2897 647 2908 .
671 2896 677 2908 .
702 2851 774 2908 item
794 2849 883 2908 uiuus
898 2848 985 2909 dedit
1004 2850 1035 2909 in
1049 2850 1195 2909 elimenta

287 2968 447 3027 puerorum
475 2958 507 3008 ct
534 2947 701 3027 puellarum
730 2946 825 3025 plebis
854 2946 985 3007 urbanae
1020 2947 1194 3007 sestertium

287 3048 454 3125 quingente
475 3046 565 3118 milia,
588 3046 661 3105 item
684 3044 914 3123 bybliothecam,
946 3056 977 3104 et
1005 3046 1035 3103 in
1066 3044 1195 3104 tutelam

287 3144 497 3223 bybliothecae
510 3145 682 3204 sestertium
697 3153 818 3202 centum
835 3142 941 3220 milia.)

328 3243 358 3301 A
378 3241 437 3301 few
458 3242 556 3301 wonls
577 3249 659 3301 must
675 3241 774 3299 sullies
795 3240 824 3298 in
841 3240 901 3298 tlris
917 3240 1000 3319 place
1014 3240 1197 3319 concerniug

288 3340 341 3401 the
366 3355 435 3399 slus.
459 3339 490 3398 oi
515 3338 627 3418 l‘lirry's
657 3338 801 3417 writings.
858 3336 912 3395 llis
934 3337 1033 3396 works
1055 3350 1138 3396 must
1159 3335 1196 3395 be

287 3438 463 3499 considered
486 3438 516 3496 in
539 3438 623 3497 three
644 3435 860 3505 detaehments,
884 3436 936 3494 the
960 3451 1012 3494 ms.
1036 3433 1197 3512 authority
