2950 4175
347 380 388 439 17,
404 378 452 444 (Π,
465 380 515 439 ιι)-
544 361 546 364 ’
582 366 784 422 EPISTVLAE
804 366 997 427 SRLEOEAR
1207 387 1242 437 ω

376 523 493 585 Marius
508 518 629 578 Priscus
642 509 851 572 accusantibus
869 513 963 590 Afris,
978 522 1087 598 quibus
1105 548 1160 606 pro
1172 539 1269 595 con-2

340 619 396 678 sule
409 614 552 696 praefuit,
565 609 675 670 omissa
684 605 857 667 defensione
870 609 984 674 iudices
997 620 1095 695 petiit.
1137 644 1193 704 ego
1206 634 1239 685 ct

339 712 490 773 Cornelius
517 707 648 776 Tacitus,
677 702 782 763 adesse
809 706 1042 783 prouincialibus
1069 717 1149 791 iussi,
1178 723 1237 781 exi-

336 806 521 866 stimauimus
548 800 619 860 fidei
647 807 767 860 nostrae
794 803 955 864 conuenire
986 817 1092 871 notum
1119 818 1236 877 senatui

302 902 427 968 sfacere
460 897 622 959 excessisse
654 894 790 956 Priscum
824 895 1013 964 immanitate
1047 918 1079 966 et
1110 911 1237 971 saeuitia

332 997 455 1056 crimina
463 994 573 1072 quibus
587 991 653 1051 dan'
667 991 780 1053 iudices
790 1004 921 1073 possent,
934 1015 1003 1057 cum
1013 1000 1052 1060 ob
1062 1002 1235 1066 innocentes

331 1087 579 1161 condemnandos,
608 1088 830 1149 interficiendos
860 1089 961 1164 etiam,
990 1098 1130 1172 pecunias
1156 1120 1235 1161 2000„

331 1188 431 1266 pisset.
469 1185 626 1266 respondit
639 1184 754 1247 Fronto
769 1184 872 1248 Catius
886 1185 1122 1271 deprecatusque
1136 1206 1182 1256 est
1196 1210 1264 1266 nes

330 1284 402 1363 quid
416 1282 499 1344 ultra
508 1283 744 1364 repetundarum
754 1282 851 1364 legem
860 1295 1062 1362 quaereretur,
1075 1292 1233 1370 omniaque

297 1385 455 1445 martionis
492 1404 564 1445 suae
601 1384 676 1458 uela,
706 1385 755 1444 uir
791 1383 1008 1445 mouendarum
1045 1387 1233 1452 lacrimarum

327 1482 534 1562 peritissimum,
550 1481 681 1561 quodam
699 1480 786 1543 uelut
802 1489 895 1542 uento
916 1481 1115 1544 miserationis
1131 1486 1233 1566 imple

327 1580 380 1640 nit.
424 1600 535 1660 magna
548 1579 710 1654 contentio,
722 1579 824 1661 magni
838 1577 991 1657 utrimque
1000 1578 1150 1654 clamores,
1165 1582 1232 1644 aliis
1244 1591 1262 1646 4

326 1677 529 1759 cognitionem
557 1691 678 1737 senatus
714 1677 779 1756 lege
807 1675 984 1748 conclusam,
1013 1676 1079 1736 aliis
1107 1677 1231 1739 liberam

326 1774 516 1854 solutamque
539 1775 717 1849 dicentibus,
739 1782 947 1855 quantumque
970 1773 1139 1834 admisisset
1163 1796 1231 1836 reus

292 1885 314 1938 ¹5
326 1881 448 1933 tantum
475 1873 697 1934 uindicandum
740 1871 900 1933 nouissime
927 1870 1030 1932 consul
1057 1871 1260 1952 designatus5

326 1969 422 2030 lulius
449 1969 556 2045 Ferox,
580 1971 629 2032 uir
651 1978 753 2032 rectus
776 1978 808 2032 et
831 1977 961 2044 sanetus,
986 1967 1084 2029 Mario
1109 1971 1230 2048 quidem

325 2069 439 2131 iudices
474 2069 596 2131 interim
631 2069 748 2132 censuit
774 2068 897 2142 dandos,
927 2068 1093 2129 euocandos
1129 2079 1229 2129 autem

325 2168 435 2247 quibus
445 2167 596 2229 diceretur
606 2168 811 2229 innocentium
821 2166 1121 2247 poenasuendidisse.
1153 2178 1259 2244 quaes

325 2265 477 2326 sententia
487 2286 547 2325 non
561 2265 730 2345 praeualuit
741 2264 837 2338 modo,
849 2264 903 2326 sed
917 2265 1039 2325 omnino
1052 2273 1121 2344 post
1129 2274 1230 2324 tantas

286 2380 314 2418 ao
324 2363 524 2424 dimensiones
544 2363 605 2423 fuit
618 2363 681 2423 sola
699 2363 848 2442 frequens,
864 2362 1102 2442 adnotatumque
1117 2364 1230 2442 experi-

324 2463 435 2523 mentis
446 2462 527 2541 quod
541 2462 628 2522 fauor
641 2470 673 2523 et
686 2460 887 2522 misericordia
895 2480 977 2521 acres
991 2469 1023 2521 et
1037 2460 1229 2521 uehementes

324 2560 437 2640 primos
458 2559 590 2640 impetus
611 2559 731 2633 habent,
747 2558 893 2639 paulatim
914 2558 1037 2619 consilio
1060 2570 1092 2619 et
1113 2560 1228 2620 ratione

322 2656 410 2735 quasi
423 2657 569 2718 restincta
581 2656 749 2717 considunt
786 2655 866 2717 unde
880 2656 984 2717 euenit
995 2665 1030 2717 ut
1044 2657 1124 2736 quod
1138 2658 1227 2719 multi
1240 2667 1258 2723 7

323 2754 452 2815 clamore
476 2755 627 2835 permixto
654 2763 787 2827 tuentur,
813 2774 900 2815 nemo
928 2754 1096 2815 tacentibus
1120 2756 1227 2815 ceteris

282 2867 310 2920 25
322 2851 423 2913 dicere
447 2852 539 2913 velit:
567 2852 694 2931 patescit
715 2852 803 2924 enim,
825 2872 893 2913 cum
918 2852 1063 2933 separaris
1086 2874 1104 2912 a
1128 2854 1226 2925 turba,

322 2949 538 3029 contemplatio
552 2970 652 3009 rerum
666 2969 743 3028 quae
757 2949 846 3010 turba
859 2960 1014 3031 teguntur.

363 3046 523 3108 Venerunt
546 3048 597 3125 qui
619 3046 723 3107 adesse
748 3057 834 3107 erant
857 3048 938 3121 iussi,
963 3048 1103 3108 Vitellius
1128 3047 1256 3114 Hono-8

322 3155 407 3205 ratus
431 3155 463 3205 ct
486 3144 610 3205 Flauius
635 3144 822 3206 Marcianus:
853 3166 891 3205 ex
919 3146 1027 3224 quibus
1053 3146 1226 3207 Honoratus

324 3368 334 3416 1
354 3364 525 3431 proconsule
540 3382 589 3431 pro
605 3365 711 3416 consule
723 3366 777 3416 rell.
813 3366 926 3432 aperiit
942 3372 1007 3416 MVa
1024 3368 1092 3431 petit
1109 3372 1160 3417 rou
1193 3369 1225 3417 28

320 3455 349 3497 et
397 3448 550 3497 Honoratus
561 3464 609 3497 ons.
624 3452 687 3499 MVo
700 3448 848 3499 Martianus
859 3454 936 3505 roua,
950 3466 980 3498 aa
991 3450 1088 3513 clamys
