<?xml version="1.0" encoding="UTF-8"?>
<!DOCTYPE html PUBLIC "-//W3C//DTD XHTML 1.0 Transitional//EN"
    "http://www.w3.org/TR/xhtml1/DTD/xhtml1-transitional.dtd">
<html xmlns="http://www.w3.org/1999/xhtml" xml:lang="en" lang="en">
 <head>
  <title>
</title>
<meta http-equiv="Content-Type" content="text/html;charset=utf-8" />
  <meta name='ocr-system' content='tesseract 3.04.00' />
  <meta name='ocr-capabilities' content='ocr_page ocr_carea ocr_par ocr_line ocrx_word'/>
</head>
<body>
  <div class='ocr_page' id='page_1' title='image "./selectedletters01merrgoog_0203.png"; bbox 0 0 2950 4175; ppageno 0'>
   <div class='ocr_carea' id='block_1_1' title="bbox 321 367 1226 438">
    <p class='ocr_par' dir='ltr' id='par_1_1' title="bbox 321 367 1226 438">
     <span class='ocr_line' id='line_1_1' title="bbox 321 367 1226 438; baseline 0.003 -16"><span class='ocrx_word' id='word_1_1' title='bbox 321 373 367 423; x_wconf 79' lang='lat' dir='ltr'><strong>ue</strong></span> <span class='ocrx_word' id='word_1_2' title='bbox 528 367 841 422; x_wconf 68' lang='lat' dir='ltr'><strong>cremensem</strong></span> <span class='ocrx_word' id='word_1_3' title='bbox 858 368 1015 423; x_wconf 79' lang='lat' dir='ltr'><strong>suevum</strong></span> <span class='ocrx_word' id='word_1_4' title='bbox 1062 370 1226 438; x_wconf 65' lang='lat' dir='ltr'><strong>cacum</strong></span> 
     </span>
    </p>
   </div>
   <div class='ocr_carea' id='block_1_2' title="bbox 287 513 1305 1961">
    <p class='ocr_par' dir='ltr' id='par_1_2' title="bbox 287 513 1305 1961">
     <span class='ocr_line' id='line_1_2' title="bbox 319 513 1305 596; baseline 0.003 -19"><span class='ocrx_word' id='word_1_5' title='bbox 319 527 412 596; x_wconf 81' lang='lat' dir='ltr'><strong>atque</strong></span> <span class='ocrx_word' id='word_1_6' title='bbox 431 517 525 577; x_wconf 85' lang='lat' dir='ltr'><strong>etiam</strong></span> <span class='ocrx_word' id='word_1_7' title='bbox 545 513 719 576; x_wconf 82' lang='lat' dir='ltr'><strong>destructus</strong></span> <span class='ocrx_word' id='word_1_8' title='bbox 740 523 804 576; x_wconf 84' lang='lat' dir='ltr'><strong>est:</strong></span> <span class='ocrx_word' id='word_1_9' title='bbox 825 534 928 577; x_wconf 81' lang='lat' dir='ltr'><strong>rumne</strong></span> <span class='ocrx_word' id='word_1_10' title='bbox 948 517 979 577; x_wconf 91' lang='lat' dir='ltr'><strong>in</strong></span> <span class='ocrx_word' id='word_1_11' title='bbox 993 515 1087 579; x_wconf 89' lang='lat' dir='ltr'><strong>alium</strong></span> <span class='ocrx_word' id='word_1_12' title='bbox 1100 516 1224 579; x_wconf 85' lang='lat' dir='ltr'><strong>ductum</strong></span> <span class='ocrx_word' id='word_1_13' title='bbox 1298 540 1305 555; x_wconf 62' lang='lat'><strong>·‘</strong></span> 
     </span>
     <span class='ocr_line' id='line_1_3' title="bbox 318 560 1305 694; baseline 0.002 -19"><span class='ocrx_word' id='word_1_14' title='bbox 318 625 443 694; x_wconf 85' lang='lat' dir='ltr'><strong>erogata</strong></span> <span class='ocrx_word' id='word_1_15' title='bbox 457 621 530 672; x_wconf 85' lang='lat' dir='ltr'><strong>sunt</strong></span> <span class='ocrx_word' id='word_1_16' title='bbox 543 601 591 672; x_wconf 71' lang='grc' dir='ltr'><strong>ὃὸ.</strong></span> <span class='ocrx_word' id='word_1_17' title='bbox 635 611 691 672; x_wconf 89' lang='lat' dir='ltr'><strong>hec</strong></span> <span class='ocrx_word' id='word_1_18' title='bbox 711 632 831 690; x_wconf 89' lang='lat' dir='ltr'><strong>quoque</strong></span> <span class='ocrx_word' id='word_1_19' title='bbox 852 612 958 675; x_wconf 81' lang='lat' dir='ltr'><strong>relicte</strong></span> <span class='ocrx_word' id='word_1_20' title='bbox 975 632 1055 674; x_wconf 89' lang='lat' dir='ltr'><strong>neue</strong></span> <span class='ocrx_word' id='word_1_21' title='bbox 1072 613 1226 693; x_wconf 86' lang='lat' dir='ltr'><strong>impendio</strong></span> <span class='ocrx_word' id='word_1_22' title='bbox 1294 560 1305 663; x_wconf 79' lang='lat' dir='ltr'><strong>l</strong></span> 
     </span>
     <span class='ocr_line' id='line_1_4' title="bbox 319 709 1224 791; baseline 0 -18"><span class='ocrx_word' id='word_1_23' title='bbox 319 721 367 773; x_wconf 82' lang='lat' dir='ltr'><strong>eat</strong></span> <span class='ocrx_word' id='word_1_24' title='bbox 393 730 478 789; x_wconf 86' lang='lat' dir='ltr'><strong>epus,</strong></span> <span class='ocrx_word' id='word_1_25' title='bbox 502 718 538 769; x_wconf 92' lang='lat' dir='ltr'><strong>ut</strong></span> <span class='ocrx_word' id='word_1_26' title='bbox 558 729 669 788; x_wconf 89' lang='lat' dir='ltr'><strong>aquam</strong></span> <span class='ocrx_word' id='word_1_27' title='bbox 697 709 829 770; x_wconf 70' lang='lat' dir='ltr'><strong>balneent</strong></span> <span class='ocrx_word' id='word_1_28' title='bbox 849 711 901 790; x_wconf 92' lang='lat' dir='ltr'><strong>qui</strong></span> <span class='ocrx_word' id='word_1_29' title='bbox 930 719 1047 772; x_wconf 84' lang='lat' dir='ltr'><strong>tentam</strong></span> <span class='ocrx_word' id='word_1_30' title='bbox 1068 711 1224 791; x_wconf 86' lang='lat' dir='ltr'><strong>pecuniam</strong></span> 
     </span>
     <span class='ocr_line' id='line_1_5' title="bbox 289 805 1225 889; baseline 0.002 -21"><span class='ocrx_word' id='word_1_31' title='bbox 289 807 397 869; x_wconf 80' lang='lat' dir='ltr'><strong>2male</strong></span> <span class='ocrx_word' id='word_1_32' title='bbox 425 805 633 887; x_wconf 83' lang='lat' dir='ltr'><strong>perdiderunt</strong></span> <span class='ocrx_word' id='word_1_33' title='bbox 692 806 756 886; x_wconf 86' lang='lat' dir='ltr'><strong>ipse</strong></span> <span class='ocrx_word' id='word_1_34' title='bbox 784 809 907 887; x_wconf 84' lang='lat' dir='ltr'><strong>perueni</strong></span> <span class='ocrx_word' id='word_1_35' title='bbox 929 807 968 868; x_wconf 89' lang='lat' dir='ltr'><strong>ad</strong></span> <span class='ocrx_word' id='word_1_36' title='bbox 992 807 1109 869; x_wconf 84' lang='lat' dir='ltr'><strong>fontem</strong></span> <span class='ocrx_word' id='word_1_37' title='bbox 1132 810 1225 889; x_wconf 76' lang='lat' dir='ltr'><strong>puris</strong></span> 
     </span>
     <span class='ocr_line' id='line_1_6' title="bbox 318 902 1268 986; baseline 0.001 -20"><span class='ocrx_word' id='word_1_38' title='bbox 318 907 435 978; x_wconf 87' lang='lat' dir='ltr'><strong>simum,</strong></span> <span class='ocrx_word' id='word_1_39' title='bbox 462 923 584 983; x_wconf 88' lang='lat' dir='ltr'><strong>exque</strong></span> <span class='ocrx_word' id='word_1_40' title='bbox 613 902 735 965; x_wconf 85' lang='lat' dir='ltr'><strong>uidetur</strong></span> <span class='ocrx_word' id='word_1_41' title='bbox 758 923 837 982; x_wconf 87' lang='lat' dir='ltr'><strong>aqua</strong></span> <span class='ocrx_word' id='word_1_42' title='bbox 860 905 969 967; x_wconf 83' lang='lat' dir='ltr'><strong>debere</strong></span> <span class='ocrx_word' id='word_1_43' title='bbox 991 903 1123 986; x_wconf 79' lang='lat' dir='ltr'><strong>penluci,</strong></span> <span class='ocrx_word' id='word_1_44' title='bbox 1148 906 1226 969; x_wconf 75' lang='lat' dir='ltr'><strong>sieut</strong></span> <span class='ocrx_word' id='word_1_45' title='bbox 1253 917 1268 973; x_wconf 76' lang='grc'><strong>5</strong></span> 
     </span>
     <span class='ocr_line' id='line_1_7' title="bbox 318 1002 1226 1082; baseline 0.002 -21"><span class='ocrx_word' id='word_1_46' title='bbox 318 1003 406 1062; x_wconf 89' lang='lat' dir='ltr'><strong>initio</strong></span> <span class='ocrx_word' id='word_1_47' title='bbox 428 1010 613 1080; x_wconf 88' lang='lat' dir='ltr'><strong>temptatum</strong></span> <span class='ocrx_word' id='word_1_48' title='bbox 634 1011 708 1074; x_wconf 79' lang='lat' dir='ltr'><strong>erat,</strong></span> <span class='ocrx_word' id='word_1_49' title='bbox 730 1010 853 1063; x_wconf 83' lang='lat' dir='ltr'><strong>arcuato</strong></span> <span class='ocrx_word' id='word_1_50' title='bbox 873 1023 972 1082; x_wconf 84' lang='lat' dir='ltr'><strong>opere,</strong></span> <span class='ocrx_word' id='word_1_51' title='bbox 988 1021 1027 1064; x_wconf 90' lang='lat' dir='ltr'><strong>ne</strong></span> <span class='ocrx_word' id='word_1_52' title='bbox 1047 1011 1168 1063; x_wconf 81' lang='lat' dir='ltr'><strong>tantum</strong></span> <span class='ocrx_word' id='word_1_53' title='bbox 1185 1002 1226 1064; x_wconf 86' lang='lat' dir='ltr'><strong>ad</strong></span> 
     </span>
     <span class='ocr_line' id='line_1_8' title="bbox 318 1098 1226 1179; baseline 0.004 -21"><span class='ocrx_word' id='word_1_54' title='bbox 318 1099 408 1178; x_wconf 89' lang='lat' dir='ltr'><strong>plana</strong></span> <span class='ocrx_word' id='word_1_55' title='bbox 421 1099 555 1159; x_wconf 87' lang='lat' dir='ltr'><strong>ciuitatis</strong></span> <span class='ocrx_word' id='word_1_56' title='bbox 575 1108 608 1159; x_wconf 91' lang='lat' dir='ltr'><strong>et</strong></span> <span class='ocrx_word' id='word_1_57' title='bbox 628 1098 754 1160; x_wconf 90' lang='lat' dir='ltr'><strong>humilia</strong></span> <span class='ocrx_word' id='word_1_58' title='bbox 775 1101 939 1179; x_wconf 87' lang='lat' dir='ltr'><strong>perueniat.</strong></span> <span class='ocrx_word' id='word_1_59' title='bbox 962 1109 1107 1169; x_wconf 73' lang='lat' dir='ltr'><strong>„manem</strong></span> <span class='ocrx_word' id='word_1_60' title='bbox 1126 1099 1226 1163; x_wconf 76' lang='lat' dir='ltr'><strong>adhim</strong></span> 
     </span>
     <span class='ocr_line' id='line_1_9' title="bbox 318 1195 1225 1279; baseline 0.002 -23"><span class='ocrx_word' id='word_1_61' title='bbox 318 1197 488 1276; x_wconf 79' lang='lat' dir='ltr'><strong>paucissimi</strong></span> <span class='ocrx_word' id='word_1_62' title='bbox 517 1217 622 1258; x_wconf 87' lang='lat' dir='ltr'><strong>arcus:</strong></span> <span class='ocrx_word' id='word_1_63' title='bbox 658 1205 787 1278; x_wconf 78' lang='lat' dir='ltr'><strong>possunt</strong></span> <span class='ocrx_word' id='word_1_64' title='bbox 814 1206 846 1258; x_wconf 90' lang='lat' dir='ltr'><strong>et</strong></span> <span class='ocrx_word' id='word_1_65' title='bbox 872 1198 946 1279; x_wconf 81' lang='lat' dir='ltr'><strong>erigi</strong></span> <span class='ocrx_word' id='word_1_66' title='bbox 977 1195 1099 1276; x_wconf 90' lang='lat' dir='ltr'><strong>quidam</strong></span> <span class='ocrx_word' id='word_1_67' title='bbox 1126 1197 1225 1279; x_wconf 87' lang='lat' dir='ltr'><strong>lapide</strong></span> 
     </span>
     <span class='ocr_line' id='line_1_10' title="bbox 317 1294 1226 1374; baseline 0.001 -21"><span class='ocrx_word' id='word_1_68' title='bbox 317 1294 475 1373; x_wconf 70' lang='lat' dir='ltr'><strong>quadi-ate,</strong></span> <span class='ocrx_word' id='word_1_69' title='bbox 492 1295 545 1374; x_wconf 88' lang='lat' dir='ltr'><strong>qui</strong></span> <span class='ocrx_word' id='word_1_70' title='bbox 560 1313 598 1356; x_wconf 87' lang='lat' dir='ltr'><strong>ex</strong></span> <span class='ocrx_word' id='word_1_71' title='bbox 612 1295 765 1374; x_wconf 85' lang='lat' dir='ltr'><strong>supen&#39;ore</strong></span> <span class='ocrx_word' id='word_1_72' title='bbox 780 1313 869 1374; x_wconf 87' lang='lat' dir='ltr'><strong>opere</strong></span> <span class='ocrx_word' id='word_1_73' title='bbox 882 1294 1037 1357; x_wconf 80' lang='lat' dir='ltr'><strong>detractus</strong></span> <span class='ocrx_word' id='word_1_74' title='bbox 1050 1304 1111 1356; x_wconf 83' lang='lat' dir='ltr'><strong>eat:</strong></span> <span class='ocrx_word' id='word_1_75' title='bbox 1124 1294 1226 1374; x_wconf 78' lang='lat' dir='ltr'><strong>eliqua</strong></span> 
     </span>
     <span class='ocr_line' id='line_1_11' title="bbox 317 1391 1271 1474; baseline 0.001 -22"><span class='ocrx_word' id='word_1_76' title='bbox 317 1412 394 1472; x_wconf 81' lang='lat' dir='ltr'><strong>pars,</strong></span> <span class='ocrx_word' id='word_1_77' title='bbox 411 1404 447 1452; x_wconf 89' lang='lat' dir='ltr'><strong>ut</strong></span> <span class='ocrx_word' id='word_1_78' title='bbox 461 1393 536 1453; x_wconf 91' lang='lat' dir='ltr'><strong>mihi</strong></span> <span class='ocrx_word' id='word_1_79' title='bbox 551 1391 680 1466; x_wconf 84' lang='lat' dir='ltr'><strong>uidetur,</strong></span> <span class='ocrx_word' id='word_1_80' title='bbox 696 1402 829 1453; x_wconf 84' lang='lat' dir='ltr'><strong>testaceo</strong></span> <span class='ocrx_word' id='word_1_81' title='bbox 849 1411 938 1473; x_wconf 83' lang='lat' dir='ltr'><strong>opere</strong></span> <span class='ocrx_word' id='word_1_82' title='bbox 958 1391 1128 1474; x_wconf 81' lang='lat' dir='ltr'><strong>peragenda</strong></span> <span class='ocrx_word' id='word_1_83' title='bbox 1148 1393 1271 1470; x_wconf 80' lang='lat' dir='ltr'><strong>erit310</strong></span> 
     </span>
     <span class='ocr_line' id='line_1_12' title="bbox 287 1488 1225 1570; baseline 0.002 -19"><span class='ocrx_word' id='word_1_84' title='bbox 287 1493 305 1551; x_wconf 82' lang='grc'>3</span> <span class='ocrx_word' id='word_1_85' title='bbox 317 1488 349 1549; x_wconf 92' lang='lat' dir='ltr'><strong>id</strong></span> <span class='ocrx_word' id='word_1_86' title='bbox 363 1491 444 1550; x_wconf 90' lang='lat' dir='ltr'><strong>enim</strong></span> <span class='ocrx_word' id='word_1_87' title='bbox 459 1503 492 1550; x_wconf 89' lang='lat' dir='ltr'><strong>et</strong></span> <span class='ocrx_word' id='word_1_88' title='bbox 506 1489 624 1551; x_wconf 73' lang='lat' dir='ltr'><strong>facilius</strong></span> <span class='ocrx_word' id='word_1_89' title='bbox 639 1499 671 1550; x_wconf 90' lang='lat' dir='ltr'><strong>et</strong></span> <span class='ocrx_word' id='word_1_90' title='bbox 684 1489 784 1549; x_wconf 87' lang='lat' dir='ltr'><strong>uilius.</strong></span> <span class='ocrx_word' id='word_1_91' title='bbox 817 1498 849 1551; x_wconf 88' lang='lat' dir='ltr'><strong>et</strong></span> <span class='ocrx_word' id='word_1_92' title='bbox 862 1490 894 1549; x_wconf 92' lang='lat' dir='ltr'><strong>in</strong></span> <span class='ocrx_word' id='word_1_93' title='bbox 908 1490 1011 1570; x_wconf 81' lang='lat' dir='ltr'><strong>primis</strong></span> <span class='ocrx_word' id='word_1_94' title='bbox 1024 1490 1225 1553; x_wconf 69' lang='lat' dir='ltr'><strong>neceesarium</strong></span> 
     </span>
     <span class='ocr_line' id='line_1_13' title="bbox 317 1585 1225 1668; baseline 0.001 -20"><span class='ocrx_word' id='word_1_95' title='bbox 317 1598 364 1648; x_wconf 85' lang='lat' dir='ltr'><strong>est</strong></span> <span class='ocrx_word' id='word_1_96' title='bbox 378 1588 461 1648; x_wconf 83' lang='lat' dir='ltr'><strong>mitti</strong></span> <span class='ocrx_word' id='word_1_97' title='bbox 475 1607 494 1647; x_wconf 92' lang='lat' dir='ltr'><strong>a</strong></span> <span class='ocrx_word' id='word_1_98' title='bbox 509 1596 540 1648; x_wconf 83' lang='lat' dir='ltr'><strong>te</strong></span> <span class='ocrx_word' id='word_1_99' title='bbox 555 1586 605 1648; x_wconf 90' lang='lat' dir='ltr'><strong>uel</strong></span> <span class='ocrx_word' id='word_1_100' title='bbox 615 1586 785 1668; x_wconf 80' lang='lat' dir='ltr'><strong>aquilegem</strong></span> <span class='ocrx_word' id='word_1_101' title='bbox 797 1585 846 1647; x_wconf 92' lang='lat' dir='ltr'><strong>uel</strong></span> <span class='ocrx_word' id='word_1_102' title='bbox 857 1587 1061 1660; x_wconf 75' lang='lat' dir='ltr'><strong>architectum,</strong></span> <span class='ocrx_word' id='word_1_103' title='bbox 1072 1606 1225 1649; x_wconf 70' lang='lat' dir='ltr'><strong>nemesus</strong></span> 
     </span>
     <span class='ocr_line' id='line_1_14' title="bbox 317 1683 1225 1764; baseline 0.004 -20"><span class='ocrx_word' id='word_1_104' title='bbox 317 1685 439 1745; x_wconf 88' lang='lat' dir='ltr'><strong>eueniat</strong></span> <span class='ocrx_word' id='word_1_105' title='bbox 467 1684 549 1763; x_wconf 87' lang='lat' dir='ltr'><strong>quod</strong></span> <span class='ocrx_word' id='word_1_106' title='bbox 572 1685 689 1745; x_wconf 88' lang='lat' dir='ltr'><strong>accidit.</strong></span> <span class='ocrx_word' id='word_1_107' title='bbox 733 1703 789 1764; x_wconf 87' lang='lat' dir='ltr'><strong>ego</strong></span> <span class='ocrx_word' id='word_1_108' title='bbox 817 1683 893 1744; x_wconf 88' lang='lat' dir='ltr'><strong>illud</strong></span> <span class='ocrx_word' id='word_1_109' title='bbox 916 1704 1009 1745; x_wconf 89' lang='lat' dir='ltr'><strong>unum</strong></span> <span class='ocrx_word' id='word_1_110' title='bbox 1036 1684 1170 1759; x_wconf 79' lang='lat' dir='ltr'><strong>adfirmo,</strong></span> <span class='ocrx_word' id='word_1_111' title='bbox 1192 1696 1225 1748; x_wconf 90' lang='lat' dir='ltr'><strong>et</strong></span> 
     </span>
     <span class='ocr_line' id='line_1_15' title="bbox 318 1780 1223 1862; baseline 0.003 -20"><span class='ocrx_word' id='word_1_112' title='bbox 318 1782 483 1843; x_wconf 71' lang='lat' dir='ltr'><strong>utilitatem</strong></span> <span class='ocrx_word' id='word_1_113' title='bbox 498 1782 596 1861; x_wconf 84' lang='lat' dir='ltr'><strong>operis</strong></span> <span class='ocrx_word' id='word_1_114' title='bbox 618 1794 650 1842; x_wconf 88' lang='lat' dir='ltr'><strong>et</strong></span> <span class='ocrx_word' id='word_1_115' title='bbox 671 1780 925 1862; x_wconf 86' lang='lat' dir='ltr'><strong>pulchritudinem</strong></span> <span class='ocrx_word' id='word_1_116' title='bbox 947 1781 1064 1843; x_wconf 90' lang='lat' dir='ltr'><strong>saeculo</strong></span> <span class='ocrx_word' id='word_1_117' title='bbox 1084 1791 1139 1844; x_wconf 90' lang='lat' dir='ltr'><strong>tuo</strong></span> <span class='ocrx_word' id='word_1_118' title='bbox 1158 1802 1223 1845; x_wconf 83' lang='lat' dir='ltr'><strong>esse</strong></span> 
     </span>
     <span class='ocr_line' id='line_1_16' title="bbox 318 1879 1265 1961; baseline -0.001 -21"><span class='ocrx_word' id='word_1_119' title='bbox 318 1879 534 1961; x_wconf 87' lang='lat' dir='ltr'><strong>diguissimam.</strong></span> <span class='ocrx_word' id='word_1_120' title='bbox 1240 1894 1265 1948; x_wconf 74' lang='grc' dir='ltr'><strong>ις</strong></span> 
     </span>
    </p>
   </div>
   <div class='ocr_carea' id='block_1_3' title="bbox 599 2071 937 2242">
    <p class='ocr_par' dir='ltr' id='par_1_3' title="bbox 599 2071 937 2242">
     <span class='ocr_line' id='line_1_17' title="bbox 633 2071 909 2136; baseline -0.004 -8"><span class='ocrx_word' id='word_1_121' title='bbox 633 2071 685 2129; x_wconf 79' lang='grc'><strong>93.</strong></span> <span class='ocrx_word' id='word_1_122' title='bbox 720 2072 764 2134; x_wconf 91' lang='grc' dir='ltr'><strong>(Χ.</strong></span> <span class='ocrx_word' id='word_1_123' title='bbox 785 2074 817 2124; x_wconf 85' lang='grc'><strong>38</strong></span> <span class='ocrx_word' id='word_1_124' title='bbox 834 2074 909 2136; x_wconf 82' lang='grc'><strong>[47].)</strong></span> 
     </span>
     <span class='ocr_line' id='line_1_18' title="bbox 599 2188 937 2242; baseline 0 -2"><span class='ocrx_word' id='word_1_125' title='bbox 599 2188 788 2241; x_wconf 76' lang='lat' dir='ltr'>TRAIANVS</span> <span class='ocrx_word' id='word_1_126' title='bbox 807 2188 937 2242; x_wconf 85' lang='lat' dir='ltr'><strong>PLINIO.</strong></span> 
     </span>
    </p>
   </div>
   <div class='ocr_carea' id='block_1_4' title="bbox 288 2303 1267 3069">
    <p class='ocr_par' dir='ltr' id='par_1_4' title="bbox 288 2303 1267 3069">
     <span class='ocr_line' id='line_1_19' title="bbox 288 2303 1221 2384; baseline 0.002 -18"><span class='ocrx_word' id='word_1_127' title='bbox 288 2323 304 2379; x_wconf 93' lang='lat'>1</span> <span class='ocrx_word' id='word_1_128' title='bbox 359 2303 534 2366; x_wconf 82' lang='lat' dir='ltr'><strong>Curandum</strong></span> <span class='ocrx_word' id='word_1_129' title='bbox 549 2316 738 2384; x_wconf 67' lang='lat' dir='ltr'><strong>astuteque</strong></span> <span class='ocrx_word' id='word_1_130' title='bbox 753 2306 783 2365; x_wconf 92' lang='lat' dir='ltr'><strong>in</strong></span> <span class='ocrx_word' id='word_1_131' title='bbox 804 2304 1048 2367; x_wconf 82' lang='lat' dir='ltr'><strong>Nicomedensem</strong></span> <span class='ocrx_word' id='word_1_132' title='bbox 1067 2305 1221 2368; x_wconf 87' lang='lat' dir='ltr'><strong>ciuitatem</strong></span> 
     </span>
     <span class='ocr_line' id='line_1_20' title="bbox 318 2403 1223 2485; baseline 0.002 -24"><span class='ocrx_word' id='word_1_133' title='bbox 318 2403 508 2483; x_wconf 73' lang='lat' dir='ltr'><strong>pciulueatun</strong></span> <span class='ocrx_word' id='word_1_134' title='bbox 553 2424 623 2463; x_wconf 80' lang='lat' dir='ltr'><strong>uene</strong></span> <span class='ocrx_word' id='word_1_135' title='bbox 638 2404 727 2464; x_wconf 80' lang='lat' dir='ltr'><strong>eredo</strong></span> <span class='ocrx_word' id='word_1_136' title='bbox 744 2417 773 2464; x_wconf 88' lang='lat' dir='ltr'><strong>tc</strong></span> <span class='ocrx_word' id='word_1_137' title='bbox 794 2424 829 2464; x_wconf 87' lang='lat' dir='ltr'><strong>ea</strong></span> <span class='ocrx_word' id='word_1_138' title='bbox 848 2424 908 2483; x_wconf 85' lang='lat' dir='ltr'><strong>qua</strong></span> <span class='ocrx_word' id='word_1_139' title='bbox 925 2404 1047 2465; x_wconf 81' lang='lat' dir='ltr'><strong>debebis</strong></span> <span class='ocrx_word' id='word_1_140' title='bbox 1065 2404 1223 2485; x_wconf 87' lang='lat' dir='ltr'><strong>diligentia</strong></span> 
     </span>
     <span class='ocr_line' id='line_1_21' title="bbox 318 2500 1267 2581; baseline 0 -20"><span class='ocrx_word' id='word_1_141' title='bbox 318 2502 373 2561; x_wconf 87' lang='lat' dir='ltr'><strong>hoc</strong></span> <span class='ocrx_word' id='word_1_142' title='bbox 388 2521 463 2580; x_wconf 85' lang='lat' dir='ltr'><strong>epus</strong></span> <span class='ocrx_word' id='word_1_143' title='bbox 477 2522 697 2581; x_wconf 77' lang='lat' dir='ltr'><strong>aggressurum.</strong></span> <span class='ocrx_word' id='word_1_144' title='bbox 742 2502 794 2563; x_wconf 84' lang='lat' dir='ltr'><strong>sed</strong></span> <span class='ocrx_word' id='word_1_145' title='bbox 809 2501 924 2563; x_wconf 86' lang='lat' dir='ltr'><strong>medius</strong></span> <span class='ocrx_word' id='word_1_146' title='bbox 939 2502 1027 2562; x_wconf 85' lang='lat' dir='ltr'><strong>fidius</strong></span> <span class='ocrx_word' id='word_1_147' title='bbox 1041 2500 1079 2561; x_wconf 84' lang='lat' dir='ltr'><strong>ad</strong></span> <span class='ocrx_word' id='word_1_148' title='bbox 1097 2501 1222 2562; x_wconf 89' lang='lat' dir='ltr'><strong>eandem</strong></span> <span class='ocrx_word' id='word_1_149' title='bbox 1236 2524 1267 2560; x_wconf 87' lang='lat'><strong>20</strong></span> 
     </span>
     <span class='ocr_line' id='line_1_22' title="bbox 316 2599 1223 2680; baseline 0.002 -23"><span class='ocrx_word' id='word_1_150' title='bbox 316 2599 506 2680; x_wconf 78' lang='lat' dir='ltr'><strong>diligentiam</strong></span> <span class='ocrx_word' id='word_1_151' title='bbox 521 2610 605 2659; x_wconf 83' lang='lat' dir='ltr'><strong>tuam</strong></span> <span class='ocrx_word' id='word_1_152' title='bbox 620 2602 753 2679; x_wconf 79' lang='lat' dir='ltr'><strong>pertinet</strong></span> <span class='ocrx_word' id='word_1_153' title='bbox 768 2601 919 2680; x_wconf 85' lang='lat' dir='ltr'><strong>inquirere</strong></span> <span class='ocrx_word' id='word_1_154' title='bbox 939 2620 1065 2679; x_wconf 87' lang='lat' dir='ltr'><strong>quorum</strong></span> <span class='ocrx_word' id='word_1_155' title='bbox 1087 2600 1163 2659; x_wconf 89' lang='lat' dir='ltr'><strong>uitio</strong></span> <span class='ocrx_word' id='word_1_156' title='bbox 1183 2600 1223 2659; x_wconf 84' lang='lat' dir='ltr'><strong>ad</strong></span> 
     </span>
     <span class='ocr_line' id='line_1_23' title="bbox 318 2696 1222 2777; baseline 0 -20"><span class='ocrx_word' id='word_1_157' title='bbox 318 2697 373 2757; x_wconf 87' lang='lat' dir='ltr'><strong>hoc</strong></span> <span class='ocrx_word' id='word_1_158' title='bbox 401 2708 521 2776; x_wconf 84' lang='lat' dir='ltr'><strong>tempus</strong></span> <span class='ocrx_word' id='word_1_159' title='bbox 546 2706 663 2756; x_wconf 83' lang='lat' dir='ltr'><strong>tantam</strong></span> <span class='ocrx_word' id='word_1_160' title='bbox 692 2700 848 2777; x_wconf 84' lang='lat' dir='ltr'><strong>pecuniam</strong></span> <span class='ocrx_word' id='word_1_161' title='bbox 875 2696 1105 2759; x_wconf 82' lang='lat' dir='ltr'><strong>Nicomedenses</strong></span> <span class='ocrx_word' id='word_1_162' title='bbox 1127 2698 1222 2776; x_wconf 84' lang='lat' dir='ltr'><strong>panli-</strong></span> 
     </span>
     <span class='ocr_line' id='line_1_24' title="bbox 317 2793 1222 2875; baseline 0.004 -25"><span class='ocrx_word' id='word_1_163' title='bbox 317 2793 426 2865; x_wconf 82' lang='lat' dir='ltr'><strong>‹lci·iut‚</strong></span> <span class='ocrx_word' id='word_1_164' title='bbox 444 2815 490 2865; x_wconf 83' lang='lat' dir='ltr'><strong>ne,</strong></span> <span class='ocrx_word' id='word_1_165' title='bbox 507 2814 574 2854; x_wconf 89' lang='lat' dir='ltr'><strong>cum</strong></span> <span class='ocrx_word' id='word_1_166' title='bbox 595 2795 676 2855; x_wconf 84' lang='lat' dir='ltr'><strong>iuter</strong></span> <span class='ocrx_word' id='word_1_167' title='bbox 694 2816 724 2855; x_wconf 85' lang='lat' dir='ltr'><strong>se</strong></span> <span class='ocrx_word' id='word_1_168' title='bbox 740 2796 955 2875; x_wconf 71' lang='lat' dir='ltr'><strong>gratificantur,</strong></span> <span class='ocrx_word' id='word_1_169' title='bbox 969 2806 1000 2856; x_wconf 87' lang='lat' dir='ltr'><strong>ct</strong></span> <span class='ocrx_word' id='word_1_170' title='bbox 1014 2794 1222 2855; x_wconf 84' lang='lat' dir='ltr'><strong>incohauen&#39;ut</strong></span> 
     </span>
     <span class='ocr_line' id='line_1_25' title="bbox 317 2891 1221 2971; baseline 0.001 -21"><span class='ocrx_word' id='word_1_171' title='bbox 317 2912 412 2970; x_wconf 76' lang='lat' dir='ltr'><strong>aqiuic</strong></span> <span class='ocrx_word' id='word_1_172' title='bbox 431 2891 540 2951; x_wconf 69' lang='lat' dir='ltr'><strong>eluctus</strong></span> <span class='ocrx_word' id='word_1_173' title='bbox 555 2904 586 2951; x_wconf 89' lang='lat' dir='ltr'><strong>ct</strong></span> <span class='ocrx_word' id='word_1_174' title='bbox 602 2892 785 2969; x_wconf 75' lang='lat' dir='ltr'><strong>reliquerint.</strong></span> <span class='ocrx_word' id='word_1_175' title='bbox 830 2893 970 2971; x_wconf 84' lang='lat' dir='ltr'><strong>quicquid</strong></span> <span class='ocrx_word' id='word_1_176' title='bbox 989 2894 1090 2971; x_wconf 82' lang='lat' dir='ltr'><strong>itaque</strong></span> <span class='ocrx_word' id='word_1_177' title='bbox 1108 2912 1221 2971; x_wconf 78' lang='lat' dir='ltr'><strong>compe·</strong></span> 
     </span>
     <span class='ocr_line' id='line_1_26' title="bbox 318 2989 1264 3069; baseline -0.004 -21"><span class='ocrx_word' id='word_1_178' title='bbox 318 2989 391 3048; x_wconf 79' lang='lat' dir='ltr'><strong>reiis</strong></span> <span class='ocrx_word' id='word_1_179' title='bbox 407 2989 507 3069; x_wconf 76' lang='lat' dir='ltr'><strong>perier</strong></span> <span class='ocrx_word' id='word_1_180' title='bbox 521 2990 551 3049; x_wconf 93' lang='lat' dir='ltr'><strong>iu</strong></span> <span class='ocrx_word' id='word_1_181' title='bbox 568 2990 706 3049; x_wconf 87' lang='lat' dir='ltr'><strong>notitiam</strong></span> <span class='ocrx_word' id='word_1_182' title='bbox 723 3010 827 3050; x_wconf 85' lang='lat' dir='ltr'><strong>mcum.</strong></span> <span class='ocrx_word' id='word_1_183' title='bbox 1235 3007 1264 3059; x_wconf 83' lang='lat'><strong>²5</strong></span> 
     </span>
    </p>
   </div>
   <div class='ocr_carea' id='block_1_5' title="bbox 317 3138 1219 3529">
    <p class='ocr_par' dir='ltr' id='par_1_5' title="bbox 317 3138 1219 3284">
     <span class='ocr_line' id='line_1_27' title="bbox 317 3138 1219 3203; baseline 0.002 -17"><span class='ocrx_word' id='word_1_184' title='bbox 317 3139 420 3187; x_wconf 67' lang='lat'>2-‹20-</span> <span class='ocrx_word' id='word_1_185' title='bbox 447 3152 464 3187; x_wconf 80' lang='grc' dir='ltr'>ι</span> <span class='ocrx_word' id='word_1_186' title='bbox 507 3142 535 3188; x_wconf 83' lang='grc'><strong>10</strong></span> <span class='ocrx_word' id='word_1_187' title='bbox 553 3138 701 3203; x_wconf 76' lang='lat' dir='ltr'><strong>peragenda</strong></span> <span class='ocrx_word' id='word_1_188' title='bbox 718 3145 736 3186; x_wconf 90' lang='lat'>0</span> <span class='ocrx_word' id='word_1_189' title='bbox 751 3138 881 3203; x_wconf 72' lang='lat' dir='ltr'><strong>agendae</strong></span> <span class='ocrx_word' id='word_1_190' title='bbox 925 3141 949 3188; x_wconf 96' lang='lat' dir='ltr'><strong>ll</strong></span> <span class='ocrx_word' id='word_1_191' title='bbox 967 3140 1219 3203; x_wconf 76' lang='lat' dir='ltr'><strong>etinpiimisasml</strong></span> 
     </span>
     <span class='ocr_line' id='line_1_28' title="bbox 318 3218 614 3284; baseline -0.003 -16"><span class='ocrx_word' id='word_1_192' title='bbox 318 3218 345 3269; x_wconf 81' lang='lat' dir='ltr'><strong>in</strong></span> <span class='ocrx_word' id='word_1_193' title='bbox 357 3220 450 3284; x_wconf 83' lang='lat' dir='ltr'><strong>primia</strong></span> <span class='ocrx_word' id='word_1_194' title='bbox 463 3220 614 3271; x_wconf 70' lang='lat' dir='ltr'><strong>»S&#39;eleeelenm</strong></span> 
     </span>
    </p>

    <p class='ocr_par' dir='ltr' id='par_1_6' title="bbox 317 3302 1219 3529">
     <span class='ocr_line' id='line_1_29' title="bbox 350 3302 1219 3367; baseline 0.003 -18"><span class='ocrx_word' id='word_1_195' title='bbox 350 3308 391 3349; x_wconf 72' lang='lat'><strong>⁹³</strong></span> <span class='ocrx_word' id='word_1_196' title='bbox 409 3304 441 3351; x_wconf 74' lang='lat'><strong>23</strong></span> <span class='ocrx_word' id='word_1_197' title='bbox 458 3319 517 3351; x_wconf 81' lang='lat' dir='ltr'><strong>cuni</strong></span> <span class='ocrx_word' id='word_1_198' title='bbox 535 3316 552 3351; x_wconf 82' lang='lat' dir='ltr'><strong>a</strong></span> <span class='ocrx_word' id='word_1_199' title='bbox 568 3303 631 3351; x_wconf 74' lang='lat' dir='ltr'><strong>ilium</strong></span> <span class='ocrx_word' id='word_1_200' title='bbox 649 3302 794 3349; x_wconf 70' lang='lat' dir='ltr'><strong>(ireneuiuu</strong></span> <span class='ocrx_word' id='word_1_201' title='bbox 809 3312 835 3349; x_wconf 80' lang='lat' dir='ltr'><strong>et</strong></span> <span class='ocrx_word' id='word_1_202' title='bbox 853 3302 1040 3356; x_wconf 78' lang='lat' dir='ltr'><strong>inclienueuiut.</strong></span> <span class='ocrx_word' id='word_1_203' title='bbox 1054 3303 1116 3366; x_wconf 74' lang='lat' dir='ltr'><strong>quin</strong></span> <span class='ocrx_word' id='word_1_204' title='bbox 1130 3304 1219 3367; x_wconf 76' lang='lat' dir='ltr'><strong>itaque</strong></span> 
     </span>
     <span class='ocr_line' id='line_1_30' title="bbox 317 3384 1217 3447; baseline 0 -16"><span class='ocrx_word' id='word_1_205' title='bbox 317 3385 475 3447; x_wconf 68' lang='lat' dir='ltr'><strong>enumereria</strong></span> <span class='ocrx_word' id='word_1_206' title='bbox 494 3384 746 3447; x_wconf 71' lang='lat' dir='ltr'><strong>1wruquuiuluctus,</strong></span> <span class='ocrx_word' id='word_1_207' title='bbox 768 3394 794 3431; x_wconf 81' lang='lat' dir='ltr'><strong>et</strong></span> <span class='ocrx_word' id='word_1_208' title='bbox 815 3384 976 3447; x_wconf 74' lang='lat' dir='ltr'><strong>reliquerint,</strong></span> <span class='ocrx_word' id='word_1_209' title='bbox 997 3384 1036 3432; x_wconf 84' lang='lat' dir='ltr'><strong>ier</strong></span> <span class='ocrx_word' id='word_1_210' title='bbox 1055 3386 1079 3432; x_wconf 92' lang='lat' dir='ltr'><strong>iu</strong></span> <span class='ocrx_word' id='word_1_211' title='bbox 1097 3387 1217 3433; x_wconf 76' lang='lat' dir='ltr'><strong>nminem</strong></span> 
     </span>
     <span class='ocr_line' id='line_1_31' title="bbox 319 3464 1083 3529; baseline -0.001 -18"><span class='ocrx_word' id='word_1_212' title='bbox 319 3482 401 3514; x_wconf 77' lang='lat' dir='ltr'><strong>uwuut</strong></span> <span class='ocrx_word' id='word_1_213' title='bbox 413 3470 458 3516; x_wconf 71' lang='lat'><strong>0⁸.</strong></span> <span class='ocrx_word' id='word_1_214' title='bbox 472 3482 537 3513; x_wconf 58' lang='lat' dir='ltr'><strong>roim.</strong></span> <span class='ocrx_word' id='word_1_215' title='bbox 553 3466 624 3515; x_wconf 53' lang='lat' dir='ltr'><strong>0⁴1!ss</strong></span> <span class='ocrx_word' id='word_1_216' title='bbox 636 3465 775 3529; x_wconf 75' lang='lat' dir='ltr'><strong>(qiudquiil</strong></span> <span class='ocrx_word' id='word_1_217' title='bbox 790 3482 838 3525; x_wconf 70' lang='lat' dir='ltr'><strong>pre</strong></span> <span class='ocrx_word' id='word_1_218' title='bbox 848 3464 911 3526; x_wconf 76' lang='lat' dir='ltr'><strong>quid</strong></span> <span class='ocrx_word' id='word_1_219' title='bbox 925 3467 1083 3526; x_wconf 58' lang='lat' dir='ltr'><strong>-t&#39;elmfist‘ruul</strong></span> 
     </span>
    </p>
   </div>
   <div class='ocr_carea' id='block_1_6' title="bbox 0 0 1480 4175">
    <p class='ocr_par' dir='ltr' id='par_1_7' title="bbox 0 0 1480 4175">
     <span class='ocr_line' id='line_1_32' title="bbox 0 0 1480 4175; baseline 0 2"><span class='ocrx_word' id='word_1_220' title='bbox 0 0 1480 4175; x_wconf 95' lang='lat' dir='ltr'><strong> </strong></span> 
     </span>
    </p>
   </div>
  </div>
 </body>
</html>
