2950 4175
315 370 349 423 94
519 370 549 424 C.
569 371 670 424 PLINI
686 371 831 426 canona
848 373 1008 429 suevum
1036 375 1089 433 47.
1107 370 1218 439 (VIM)

653 751 789 818 LIBER
814 754 891 821 VIL

662 1006 715 1062 47.
748 1006 823 1069 (VII.
837 1010 875 1070 4.)
915 1006 970 1053 tw*

514 1135 544 1189 O.
569 1136 715 1190 PLINIVS
738 1136 872 1191 PONTIO
893 1136 962 1191 SVO
983 1138 1010 1191 S.

282 1273 299 1331 1
352 1269 408 1331 Ais
421 1270 526 1349 legisse
540 1277 571 1330 te
585 1269 849 1352 hendecasyllabos
863 1290 964 1346 meos3
983 1271 1111 1350 requiris
1125 1272 1217 1333 etiam

312 1386 401 1447 quem
429 1367 469 1429 ad
498 1367 620 1428 modum
648 1369 798 1449 coeperim
818 1367 955 1442 scribere,
974 1366 1071 1443 homo,
1096 1378 1132 1430 ut
1160 1370 1217 1430 tibi
1247 1389 1263 1445 5

281 1467 299 1525 2
312 1465 424 1539 uideor,
440 1484 568 1538 seuerus,
580 1473 615 1526 ut
628 1466 692 1544 ipse
706 1465 809 1539 fateor,
821 1485 882 1527 non
896 1465 1025 1545 ineptus.
1062 1487 1217 1547 nunquam

310 1582 330 1624 a
356 1562 471 1641 poetice
498 1562 601 1642 (altius
628 1563 708 1623 enim
736 1563 884 1650 repetam)
911 1561 1027 1624 alienm
1054 1562 1117 1640 iui3
1143 1566 1217 1644 quin

310 1661 402 1722 etiam
413 1659 654 1738 quattuordecim
668 1669 757 1721 natus
771 1679 865 1721 annos
875 1658 1021 1722 Graecam
1030 1662 1216 1741 tragoediam

310 1757 422 1838 scripsi.
468 1757 598 1836 ‘qualem
611 1755 632 1818 l'
662 1759 784 1837 inquisl
812 1758 924 1819 nescio:
953 1759 1108 1839 tragoedia
1132 1780 1217 1820 uoca—

281 1856 408 1921 8batur.
452 1874 529 1927 mox,
553 1875 620 1915 cum
640 1874 657 1915 e
678 1855 786 1915 militia
806 1854 925 1916 rediens
945 1855 978 1914 in
1003 1854 1098 1916 Icaria
1118 1856 1217 1917 insula
1233 1877 1263 1915 ιο

310 1952 409 2014 uentis
429 1951 588 2026 detinerer,
605 1951 729 2013 Latinos
750 1951 851 2032 elegos
871 1951 903 2011 in
917 1950 993 2013 illud
1014 1952 1112 2031 ipsum
1135 1972 1217 2013 mare

310 2051 464 2132 ipsamque
485 2048 613 2110 insulam
635 2049 698 2111 soei.
742 2057 883 2130 expertus
904 2068 971 2110 sum
985 2068 1033 2110 me
1053 2048 1217 2129 aliqnando

310 2159 342 2211 et
362 2148 460 2222 heroo,
484 2146 741 2228 hendecasyllabis
762 2167 841 2208 nunc
862 2147 1002 2228 primum,
1017 2166 1146 2227 quorum
1168 2148 1216 2209 hic

311 2246 426 2317 natalis,
453 2245 525 2305 haec
552 2264 641 2305 causa
669 2254 720 2305 est
765 2244 944 2326 legebantur
970 2245 1002 2305 in
1031 2243 1217 2307 Laurentino

310 2344 384 2405 mihi
419 2343 487 2403 libri
517 2342 603 2401 Asini
632 2342 711 2402 Galli
739 2342 778 2403 de
805 2342 1026 2421 eompamtione
1062 2345 1157 2422 patris
1185 2356 1217 2403 et
1233 2361 1261 2416 ις

310 2441 469 2504 Ciceronis.
510 2440 617 2500 incidit
638 2442 822 2521 epigramma
846 2439 998 2501 Ciceronis
1020 2440 1051 2499 in
1074 2440 1216 2501 Tironem

281 2555 405 2611 4sunm.
448 2538 527 2612 dein,
544 2559 610 2598 cnm
632 2537 756 2598 meridie
775 2539 853 2613 (orat
874 2537 952 2597 enim
974 2540 1085 2614 aestas)
1107 2536 1216 2598 dormi-

311 2649 398 2698 turus
426 2659 473 2698 me
502 2638 684 2717 recepissem,
711 2657 765 2698 nec
793 2638 951 2717 obreperet
977 2657 1108 2713 somnus,
1132 2639 1216 2718 coepi

312 2745 450 2816 reputare
479 2736 624 2797 maximos
653 2744 786 2796 oratores
814 2734 869 2795 hoc
893 2735 987 2796 studii
1011 2754 1107 2814 genus
1128 2745 1160 2795 et
1184 2736 1216 2795 in

282 2845 299 2901 5
311 2834 560 2895 oblectationibus
575 2833 712 2894 habuisse
726 2844 758 2893 ot
772 2834 803 2893 in
818 2832 906 2894 laudo
920 2833 1061 2912 posuisse.
1098 2832 1215 2893 intendi
1229 2856 1263 2892 20

311 2933 452 3003 animum,
482 2944 644 3010 contraque
672 2932 843 3012 opinionem
871 2951 967 2992 meam
995 2940 1063 3011 post
1095 2930 1215 3010 longam

312 3029 539 3090 desuetudinem
561 3049 702 3108 perquam
723 3030 833 3108 exiguo
847 3029 990 3109 temporis
1011 3038 1163 3089 momento
1183 3028 1215 3088 id

313 3129 409 3207 ipsum
438 3125 516 3205 qnod
550 3146 597 3186 nne
630 3126 668 3185 nd
703 3125 892 3186 scribendum
920 3125 1133 3186 sollicitauerat
1169 3125 1215 3185 nis

313 3226 448 3286 uersibus
462 3224 601 3284 exomni:

345 3396 385 3437 w
407 3389 421 3440 7
440 3388 502 3450 quin
518 3385 579 3435 arfa
593 3386 639 3450 «prii
655 3399 689 3435 on
731 3386 759 3434 13
775 3391 803 3433 et
821 3384 899 3433 heroo
916 3387 991 3443 (corr.
1005 3383 1080 3445 from
1098 3384 1171 3442 hero)
1189 3389 1214 3433 u

314 3471 403 3521 hoton-0
414 3483 448 3519 ou
459 3480 486 3518 ct
500 3469 602 3517 heroico
612 3482 630 3517 a
