2950 4175
229 610 236 665 i

322 382 355 435 20
529 381 558 436 G.
578 382 681 436 rum
696 380 843 437 cenom
859 378 1019 439 suevum
1074 382 1128 443 18.
1143 382 1220 449 (11.1)

322 528 431 590 cecidit
452 547 616 607 coxamque
639 528 740 611 fregit,
763 550 841 610 quas
863 550 971 613 parum
991 538 1065 613 apte
1084 530 1222 595 collocate

238 690 241 695 ,
261 690 267 696 ,
323 626 489 688 reluctante
503 633 603 687 aetate
617 625 696 688 male
709 627 791 689 coiit

294 731 311 788 6
365 724 464 785 Huius
478 723 536 784 uiri
544 723 704 802 exsequiae
714 744 858 807 magnum
868 734 1081 788 ornamentum
1090 724 1221 807 principi,

324 841 466 903 magnum
487 818 612 894 saeculo,
635 840 780 903 magnum
799 822 891 885 ctiam
904 822 971 885 foro
984 832 1017 885 et
1029 822 1137 885 rostris
1148 830 1224 885 aar·

323 919 431 979 lerunt.
475 916 615 978 laudatus
629 927 676 979 est
689 938 708 979 a
721 918 843 982 consule
856 918 997 983 Cornelio
1012 918 1138 982 Tacito:
1157 932 1249 989 naras

324 1017 372 1078 hic
386 1035 543 1096 supremus
556 1014 694 1077 felicitati
709 1016 774 1103 eius
789 1016 927 1101 cumulus
939 1016 1075 1091 messit,
1088 1014 1227 1079 lsudstor

295 1112 592 1192 teloquentissimus.
635 1120 668 1175 et
688 1113 741 1175 ille
761 1112 884 1194 quidem
904 1112 1013 1197 plenus
1033 1114 1123 1177 annu
1143 1112 1226 1189 abiit

324 1211 430 1292 plenus
452 1210 623 1286 honoribus,
646 1210 706 1273 illis
727 1211 821 1274 etiam
841 1230 919 1293 quos
940 1212 1111 1275 moussuit:
1141 1210 1229 1275 nobis

324 1316 425 1370 tamar
448 1307 635 1387 quaerendus
657 1328 693 1371 ao
714 1308 930 1373 desiderandus
949 1318 998 1373 est
1018 1318 1056 1371 ut
1074 1308 1229 1391 uemphs

323 1405 390 1466 aeui
405 1406 520 1486 prioris,
535 1406 610 1467 mihi
623 1426 697 1469 uero
710 1406 877 1489 praecipue,
888 1406 941 1489 qui
954 1406 1042 1469 illum
1054 1426 1118 1469 non
1129 1404 1229 1469 solum
1242 1426 1268 1467 sc

323 1502 441 1584 publice
484 1512 631 1583 quantum
672 1504 844 1567 admirabar
883 1512 1005 1567 tentum
1044 1502 1210 1587 diligebam
1219 1524 1230 1579 ;

295 1610 312 1669 8
324 1600 453 1681 primum
468 1600 549 1680 quod
563 1601 684 1682 utrique
698 1601 804 1665 eadem
814 1602 905 1683 regio,
916 1600 1080 1683 municipia
1089 1600 1228 1677 finitimm

323 1698 388 1780 agri
402 1699 495 1759 etiam
508 1699 768 1779 possessionesque
781 1699 965 1774 winunotae,
977 1706 1134 1780 praetores
1146 1698 1230 1779 quod

323 1794 374 1856 ille
396 1795 470 1856 mihi
492 1804 577 1857 tutor
597 1796 720 1858 relictus
745 1796 897 1858 adiectum
920 1794 1054 1878 parentis
1077 1796 1228 1859 exhibuit.

323 1892 366 1954 sic
389 1892 584 1954 candidatum
605 1913 654 1955 me
675 1893 819 1975 suffragio
840 1893 970 1968 ornauit,
993 1894 1036 1957 sio
1059 1892 1101 1957 ad
1123 1912 1230 1957 omnes
1243 1910 1268 1967 r!

323 1989 451 2052 honores
459 2010 541 2052 meos
550 2010 588 2053 ex
596 1991 761 2053 secessibus
769 1991 944 2066 accucurrit,
952 2010 1022 2053 eum
1035 1990 1097 2053 ism
1109 1990 1230 2073 pridem

324 2089 485 2151 eiusmodi
502 2089 604 2151 officiis
625 2090 837 2172 renuntiassot
855 2090 898 2152 sie
913 2089 966 2152 illo
983 2088 1034 2152 die
1054 2109 1115 2171 quo
1134 2111 1231 2154 sacar

323 2186 410 2249 dotes
436 2186 536 2249 solent
562 2187 717 2249 nominare
746 2205 821 2268 quos
847 2186 1039 2270 dignissimos
1059 2185 1231 2250 acerdotio

295 2284 458 2346 tiudicant
478 2304 526 2346 me
546 2304 663 2366 semper
683 2283 866 2346 nominabat.
909 2283 995 2364 ¹quin
1014 2283 1108 2346 stiam
1125 2284 1159 2346 iu
1172 2283 1231 2348 hac

325 2383 486 2443 nouissima
506 2381 680 2444 ualetudine
700 2382 817 2444 ueritus
837 2402 875 2444 ne
893 2381 973 2444 forte
989 2381 1071 2444 inter
1083 2382 1231 2463 quinque·
1242 2403 1268 2444 at

326 2480 406 2540 uiros
434 2489 593 2553 crearetur,
625 2479 678 2560 qui
705 2478 877 2541 minuendis
902 2478 1029 2561 publicis
1056 2479 1231 2561 sumptibus

325 2577 435 2638 iudicio
457 2586 578 2638 senatus
605 2577 876 2652 constituebantur,
900 2597 969 2639 cum
992 2575 1038 2638 illi
1064 2585 1114 2639 tot
1138 2578 1230 2642 amici

325 2694 410 2736 senes
423 2675 651 2754 consularesque
664 2682 863 2756 superessent,
885 2693 934 2736 me
948 2673 1038 2736 huius
1050 2675 1162 2738 aemes
1173 2695 1230 2758 per

325 2794 415 2852 quern
429 2784 622 2834 excusaretur
642 2773 743 2854 elegit,
765 2773 812 2833 his
826 2772 948 2853 quidem
961 2772 1062 2836 uerbis
1077 2773 1229 2837 ‘etiamsi

326 2872 420 2932 filium
435 2872 582 2943 haberem,
598 2871 653 2931 tibi
669 2869 862 2931 mandarem!
1241 2887 1268 2942 τε

282 2984 315 3041 10
366 2970 482 3044 Quibus
498 2990 536 3029 ex
554 2970 650 3030 causis
672 2989 790 3030 necesse
811 2979 858 3030 est
873 2978 1018 3050 tanquam
1035 2970 1230 3034 immaturam

327 3079 454 3128 mortem
468 3067 532 3127 eius
546 3068 576 3127 in
591 3067 659 3128 sinu
673 3077 728 3128 tuo
742 3067 867 3129 defleam
878 3090 886 3141 ;
899 3069 924 3128 si
939 3077 1041 3130 tamen
1055 3068 1101 3130 ias
1115 3079 1162 3131 est
1175 3078 1231 3132 aut

326 3222 343 3271 2
355 3221 419 3271 coiit
430 3225 485 3270 Bra
495 3219 641 3270 coituros
665 3221 682 3271 6
695 3220 738 3271 hic
784 3219 904 3271 cumulus
912 3225 968 3271 nra
976 3220 1084 3271 biceius
1091 3236 1231 3288 supremus

328 3302 449 3352 felicitati
461 3301 581 3351 cumulus
592 3306 639 3350 MV
650 3302 692 3351 hic
706 3318 843 3368 supremus
859 3302 979 3353 cumulus
995 3302 1132 3354 felicitatis
1147 3317 1182 3355 ou
1214 3305 1229 3359 7

327 3384 394 3433 abiit
405 3387 503 3433 lvona
514 3383 572 3433 abit
582 3387 620 3433 ΒΡ
654 3385 685 3434 10
703 3385 863 3435 maiascus
874 3386 1005 3436 uitaelv
1045 3386 1077 3436 12
1092 3385 1226 3451 regiam

327 3470 365 3516 Bi*
