2950 4175
272 321 281 337 '
336 341 395 406 21.
417 364 501 428 ‹nu›
575 365 775 418 mrsrvnae
794 368 985 421 senseris
1197 369 1233 419 e

332 489 450 589 frangit
467 520 496 571 et
515 512 591 571 finit
634 513 707 572 baec
725 514 895 574 iucunditas
916 517 981 575 eius
1004 516 1113 585 bieme,
1135 515 1232 572 maior

329 602 456 667 aestas&
495 630 565 668 nam
578 619 651 668 ante
666 610 821 670 meridiem
841 623 974 690 xystum¹
989 626 1058 692 post
1074 611 1230 671 meridiem
1242 616 1279 672 ls

326 698 505 766 gestationis
533 707 673 784 hortique
704 709 869 786 proximam
897 727 1014 788 partem
1043 710 1149 768 umbra
1176 730 1231 767 sua

325 787 485 879 temperat
498 824 583 881 quae,
597 812 632 862 ut
641 803 705 862 dies
715 807 810 864 creuit
820 806 1001 880 decreuitue,
1011 807 1101 867 modo
1111 806 1231 865 breuior

297 889 425 958 ⁵¹¹10d0
442 901 556 982 longior
576 901 631 960 hac
653 901 701 960 uel
721 901 773 960 illa
792 903 881 962 eadit
934 906 998 984 ipsa
1018 926 1091 964 uero
1111 918 1230 981 crypto
1242 901 1277 957 12

324 984 463 1058 Pssuieu
488 1009 555 1059 tum
577 999 706 1058 maxime
726 1017 808 1060 caret
827 1001 898 1074 sole,
912 1022 982 1061 cum
1001 1001 1231 1061 ardentissimis

326 1081 453 1156 elllmiui
474 1097 538 1158 eius
565 1096 687 1156 insistit
743 1096 782 1157 sd
808 1097 866 1158 boc
888 1100 1064 1178 patentrbus
1090 1097 1231 1159 fenestris

328 1160 464 1255 favonios
491 1195 600 1274 accipit
629 1194 877 1273 transmittitque,
908 1217 962 1256 nec
995 1217 1127 1275 unquam
1161 1202 1230 1255 aere

331 1279 417 1370 nigro
429 1303 460 1353 et
473 1303 615 1353 manente
627 1292 816 1372 ingrauescit

299 1382 325 1423 ¹⁰
377 1387 407 1449 ln
415 1391 511 1470 eapite
522 1390 614 1469 xysti,
623 1390 763 1469 deinceps
770 1391 1018 1469 cryptoporticus,
1028 1393 1117 1464 horti,
1128 1391 1230 1451 diaeta
1241 1385 1277 1443 ²)

339 1494 385 1558 est
399 1508 514 1548 amores
524 1488 583 1547 mei
598 1511 604 1546 :
625 1507 659 1546 re
672 1507 745 1547 uers
760 1507 892 1547 amores:
914 1489 978 1568 ipse
991 1490 1086 1568 posui
1128 1491 1160 1548 iu
1175 1490 1230 1548 hac

339 1572 541 1646 heliocaminus
569 1584 691 1662 quidem
717 1585 777 1644 alia
803 1594 927 1664 xystum
954 1586 1013 1645 alis
1041 1608 1123 1646 mare
1151 1600 1229 1646 utra-

338 1698 387 1759 que
406 1684 510 1755 solem,
532 1682 702 1743 cubiculum
721 1696 825 1743 autem
845 1683 942 1743 ualuis
961 1685 1228 1762 cryptoporticum,

335 1776 460 1841 fenestre
487 1780 631 1860 prospicit
658 1801 748 1840 mare.
792 1792 897 1841 contra
924 1782 1069 1861 parietem
1097 1778 1275 1840 medium2l

303 1883 324 1940 Ῑ5
333 1880 450 1940 tothecs
464 1899 608 1958 perquam
627 1878 780 1960 eleganter
799 1879 920 1951 recedit,
934 1899 1012 1958 quae
1026 1879 1230 1958 specularibus

330 1988 357 2038 et
379 1978 456 2039 uelis
476 1977 615 2039 obductis
638 1976 808 2038 reductisue
831 1977 921 2038 modo
940 1977 1072 2038 adicitur
1091 1976 1229 2037 cubiculo

328 2077 414 2138 modo
439 2077 585 2137 aufertur.
628 2075 740 2137 lectum
763 2091 793 2136 et
816 2075 892 2136 duas
911 2076 1071 2136 cathedras
1090 2076 1189 2155 cepit:
1210 2097 1229 2134 a

326 2174 1229 2255 pedibusmureetergctullseampitesiluaeztotfacies

325 2272 458 2334 locorum
487 2271 614 2333 totidem
642 2272 782 2332 fenestris
808 2282 840 2330 et
866 2271 1028 2351 distinguit
1054 2284 1086 2330 et
1113 2271 1226 2330 mimet

289 2372 462 2432 seiunctum
486 2382 533 2430 cst
553 2369 723 2430 cubiculum
745 2370 841 2429 noctis
865 2381 898 2428 et
921 2370 1026 2429 somni.
1070 2389 1129 2428 non
1154 2367 1227 2427 illud
1240 2363 1275 2421 22
1288 2376 1305 2385 ·

323 2490 413 2530 uoces
427 2466 624 2539 seruulomm,
640 2487 701 2527 non
721 2467 812 2526 maris
832 2486 975 2539 murmur,
991 2487 1050 2526 non
1070 2477 1228 2545 tempesta-

323 2578 390 2627 tum
405 2578 515 2638 motus,
531 2586 591 2625 nou
605 2565 760 2646 fulgurum
781 2564 881 2625 lumen
900 2585 934 2624 ac
953 2584 991 2624 nc
1004 2564 1083 2623 diem
1104 2562 1227 2641 quidem

322 2664 427 2735 sentit,
457 2664 514 2723 nisi
542 2663 682 2724 fenestris
707 2662 827 2743 apertis
886 2671 949 2721 tem
982 2661 1037 2721 alti
1071 2661 1228 2738 abditique

321 2762 431 2823 secreti
453 2761 505 2820 ille
525 2762 611 2833 rotie,
636 2760 718 2839 quod
743 2760 919 2820 interiacens
941 2759 1056 2819 andron
1082 2760 1226 2837 parictem

280 2877 310 2930 25
321 2859 453 2921 cubiculi
477 2860 616 2938 hortique
632 2859 792 2938 distinguit
813 2873 903 2936 atquc
917 2859 961 2918 ite
984 2878 1101 2917 oruncur
1120 2878 1225 2915 mertun

323 2959 424 3019 media
445 2958 592 3018 inanitate
614 2958 771 3018 consumit.
823 2956 997 3035 applicitum
1020 2969 1066 3016 est
1090 2954 1274 3014 cubiculum

323 3057 532 3136 hypocauston
569 3056 773 3134 perexiguum,
808 3052 889 3131 quod
928 3067 1057 3132 auguste
1095 3051 1228 3111 fenestra

322 3154 513 3234 suppositum
528 3152 664 3223 calorem,
681 3166 714 3210 ut
737 3150 813 3210 ratio
834 3150 936 3230 exigit,
952 3163 1005 3209 aut
1026 3150 1153 3209 effundit
1173 3162 1227 3207 aut

322 3252 445 3313 retinet.
489 3260 649 3329 procoeton
673 3248 743 3308 iude
765 3260 796 3308 ct
818 3247 986 3306 cubiculum
1009 3246 1173 3327 porrigitur
1196 3245 1225 3304 in

402 3466 731 3518 dtumltvtuncnrcna
761 3463 794 3511 ‘2⁸
809 3461 891 3525 exigit
903 3461 1150 3525 chusuegitltv
