2950 4175
208 361 216 379 ⁸
314 370 368 430 se.
385 371 512 434 rvmu
566 371 971 424 summasunmna
1170 368 1219 421 ιω

641 834 773 897 LIBER
804 836 893 898 l'lll

633 1070 709 1141 ’56.
744 1086 831 1146 (vm.
845 1091 882 1148 4.)

510 1220 539 1271 C.
563 1219 710 1271 PLINIVS
732 1218 885 1270 CANINIO
907 1220 974 1271 SVO
994 1221 1019 1272 S.

357 1353 479 1435 Optime
501 1354 572 1414 facis
586 1352 668 1432 quod
689 1351 800 1412 bellum
815 1351 956 1413 Dacicum
979 1354 1106 1415 seribere
1121 1374 1215 1434 paras.
1231 1367 1247 1424 1

286 1472 387 1530 5nam
410 1471 488 1530 quae
510 1461 573 1511 tam
598 1471 707 1521 reeens,
730 1459 792 1509 tam
815 1451 939 1529 copiosa,
962 1460 1025 1511 tam
1049 1451 1119 1526 lata,
1141 1471 1219 1530 quae

315 1549 446 1628 denique
461 1559 524 1608 tam
538 1549 662 1627 poetica,
678 1561 709 1607 et
723 1568 892 1627 quanquam
908 1549 938 1607 in
950 1550 1112 1609 uerissimis
1130 1549 1219 1609 rebus

316 1659 380 1710 tam
408 1647 543 1708 fabulosa
571 1647 718 1706 material
765 1647 844 1706 dices
868 1647 999 1706 immissa
1024 1649 1112 1708 terris
1140 1658 1249 1714 n0ua2

316 1746 448 1818 flumina,
478 1763 572 1804 nouos
599 1752 705 1822 pontes
734 1744 905 1804 fluminibus
938 1745 1070 1820 iniectos,
1107 1746 1219 1805 insessa

315 1845 423 1905 eastris
437 1842 585 1903 montium
601 1842 737 1920 abrupta,
755 1841 872 1920 pulsum
887 1843 976 1922 regia,
993 1841 1112 1922 pulsum
1128 1843 1218 1903 etiam

274 1967 305 2003 ιο
316 1943 382 2002 uita
402 1961 502 2020 regem
523 1939 599 2000 nihil
617 1939 824 2019 desperantem
835 1963 843 2014 3
864 1960 953 2020 super
973 1940 1053 2015 haec,
1069 1950 1152 2002 actos
1172 1941 1218 2001 bis

316 2039 495 2119 triumphos,
508 2058 636 2117 quorum
647 2038 724 2099 alter
735 2058 772 2099 ex
784 2039 895 2099 inuicta
905 2046 995 2119 gente
1007 2039 1129 2119 primus,
1142 2039 1219 2100 alter

316 2139 498 2201 nouissimus
512 2137 579 2203 fuit.

356 2236 427 2297 Vna
453 2234 506 2296 sed
534 2235 664 2295 maxima
692 2233 857 2306 difficultas,
884 2234 965 2313 quod
994 2234 1066 2295 haee
1089 2243 1248 2313 aequares

315 2334 444 2395 dicendo
458 2332 593 2406 arduum,
611 2333 796 2406 immensum,
813 2334 902 2392 etiam
918 2342 971 2392 tuo
985 2332 1114 2413 iugenio,
1127 2353 1219 2412 quau-

275 2454 282 2488 ι
289 2452 303 2504 5
316 2453 407 2511 quam
428 2430 572 2491 altissime
590 2431 733 2512 adsurgat
753 2440 784 2490 et
805 2430 994 2509 amplissimis
1015 2430 1155 2509 operibus
1177 2431 1217 2490 in·

316 2536 436 2589 creseat.
474 2548 534 2587 non
549 2528 649 2589 nullus
664 2542 694 2588 et
709 2530 738 2588 in
754 2529 805 2588 illo
820 2528 910 2600 labor,
925 2537 959 2587 ut
973 2528 1099 2588 barbara
1114 2537 1145 2589 et
1156 2530 1218 2589 fera

316 2628 446 2700 nomina,
464 2627 495 2686 in
513 2626 618 2705 primis
639 2628 716 2707 regis
735 2627 835 2706 ipsius,
859 2626 979 2686 Graecis
1001 2626 1138 2687 uersibus
1158 2646 1217 2687 non

317 2725 472 2785 resultent.
517 2724 569 2783 sed
594 2723 668 2783 nihil
693 2724 839 2803 estquod
866 2744 924 2783 non
948 2732 1012 2783 arte
1033 2743 1171 2802 curaque,
1193 2723 1247 2791 si4

318 2845 376 2884 nou
406 2831 506 2901 potest
541 2822 628 2892 uinci,
659 2823 819 2900 mitigetur.
877 2831 1037 2899 praeterea,
1068 2821 1091 2880 si
1127 2821 1218 2881 datur

350 3019 403 3069 For
417 3019 457 3068 tlte
474 3018 557 3079 cipum
575 3017 644 3076 look,
665 3018 740 3066 vehicla
759 3018 779 3065 is
796 3015 895 3078 laclinp
912 3018 939 3066 iu
956 3017 997 3067 tle
1012 3017 1092 3067 metire
1109 3017 1174 3067 elaea
1190 3018 1223 3080 os

319 3104 376 3153 15111
391 3111 496 3166 ceruury
507 3102 584 3152 MSS.
600 3110 624 3150 to
640 3102 716 3150 vehicli
733 3115 749 3151 ο
764 3102 816 3149 anu
828 3115 845 3150 u
860 3101 952 3163 belomy,
967 3102 1026 3165 only
1043 3106 1068 3151 Μ
1079 3100 1131 3151 aud
1144 3114 1162 3151 ι
1172 3117 1217 3151 are

316 3186 448 3248 reprdarly
459 3184 532 3235 cited.
576 3183 660 3233 ll'lrere
672 3184 709 3233 lle
723 3184 830 3248 rcwlinq
843 3183 875 3247 os
886 3184 928 3233 bul
943 3200 988 3233 one
1006 3184 1028 3233 ia
1043 3184 1116 3249 pirou
1134 3184 1160 3233 iu
1177 3184 1217 3234 lle

310 3268 457 3330 soor-noles,
471 3268 510 3316 tha
523 3267 631 3328 reatlinp
642 3266 674 3328 os
681 3266 717 3314 lle
730 3266 800 3315 oller
813 3267 833 3315 is
844 3266 897 3314 uae
909 3265 941 3327 qs
947 3266 986 3315 tle.
998 3272 1056 3315 text

351 3392 390 3432 σο
408 3388 490 3432 nram
504 3383 557 3432 lau
572 3382 685 3446 «lenique
698 3394 750 3431 mm
766 3388 791 3431 u
824 3386 839 3432 6
856 3382 881 3431 in
900 3383 1083 3432 uenerissimus
1100 3381 1176 3431 rebus
1191 3385 1217 3433 Ι

320 3468 349 3514 15
366 3467 526 3530 amplissime
538 3479 555 3513 t
590 3467 620 3513 18
636 3464 682 3514 sed
693 3481 740 3512 om.
756 3470 780 3513 u
