2950 4175
312 401 344 448 54
517 399 547 453 C.
567 399 668 451 PLINI
685 400 830 453 cauom
846 400 1004 454 suornm
1042 402 1095 458 25.
1113 402 1217 465 (HM)

658 658 717 713 25.
756 659 816 718 (ΙΙΙ.
837 660 873 717 7.)

452 775 481 826 C.
502 773 649 825 PLINIVS
666 774 822 827 cAN1N10
840 775 936 827 RVFO
952 775 1021 828 SVO
1038 775 1064 827 S,

283 900 299 957 1
354 890 446 950 Modo
466 889 622 949 nuntiatus
642 899 688 949 est
707 889 799 950 Silius
819 890 940 952 Italicus
959 892 991 951 in
1011 890 1217 971 Neapolitano

283 1002 366 1058 2suo
379 987 479 1046 inedia
493 987 592 1046 finisse
607 987 710 1046 uitam.
747 1008 836 1048 causa
846 989 949 1049 mortis
961 988 1111 1049 ualetudo.
1149 999 1217 1049 erat

311 1084 355 1144 illi
374 1092 463 1143 natus
482 1083 655 1144 insanabilis
674 1084 785 1157 clauus,
805 1085 889 1146 cuius
907 1085 1009 1146 taedio
1026 1084 1066 1145 ad
1084 1094 1216 1146 mortem
1248 1100 1264 1156 5

311 1176 496 1238 irrouoeabili
512 1178 680 1238 constantia
693 1178 870 1251 decucurrit,
887 1199 980 1257 usque
990 1178 1030 1239 ad
1040 1199 1217 1259 supremum

310 1277 390 1336 diem
411 1275 517 1334 beatus
539 1284 570 1334 et
590 1274 672 1349 felix,
695 1276 753 1336 nisi
774 1276 855 1355 quod
876 1276 1021 1336 minorem
1048 1296 1087 1336 ex
1111 1275 1217 1336 liberis

310 1373 427 1434 duobus
448 1372 556 1445 amisit,
579 1373 632 1433 sed
645 1373 788 1433 maiorem
817 1372 1027 1450 melioremque
1055 1373 1216 1433 florentem

282 1482 401 1550 3au1ue
430 1471 521 1530 etiam
549 1471 734 1531 consularem
763 1470 892 1549 reliquit.
946 1470 1073 1531 laeserat
1101 1471 1215 1531 famam

310 1589 394 1629 suam
406 1567 462 1627 sub
473 1564 593 1627 Nerone
605 1568 796 1644 (credebatur
806 1576 911 1647 sponte
920 1567 1084 1647 accusasse)
1094 1590 1102 1643 ;
1117 1568 1214 1628 sedin
1232 1596 1262 1634 ιο

310 1664 414 1725 Vitelli
436 1665 568 1725 amicitia
588 1665 738 1744 sapienter
759 1685 790 1724 se
812 1676 842 1724 et
863 1664 987 1724 comiter
1005 1675 1147 1745 gesserat,
1173 1686 1215 1726 ex

311 1764 521 1843 proconsulatu
551 1763 640 1822 Asiae
668 1762 793 1843 gloriam
822 1772 1035 1842 reportauerat,
1065 1763 1215 1824 maculam

281 1862 421 1935 4ueuns
436 1860 602 1920 industriae
621 1859 763 1919 laudabili
784 1860 846 1920 otio
865 1860 1009 1920 abluerat.
1051 1861 1112 1920 fuit
1131 1861 1214 1922 inter

311 1959 458 2040 principes
472 1958 605 2018 ciuitatis
619 1957 683 2018 sine
703 1958 846 2037 potentia,
868 1959 931 2018 sine
950 1958 1082 2018 inuidia:
1102 1958 1213 2019 saluta

310 2057 407 2130 batur,
423 2056 584 2129 colebatur,
601 2055 789 2134 multumque
804 2056 834 2115 in
847 2056 955 2117 lectulo
966 2056 1064 2117 iacens
1074 2056 1213 2118 cubiculo
1229 2077 1257 2133 ις

310 2176 426 2235 semper
443 2176 501 2214 non
519 2176 558 2214 ex
574 2155 697 2215 fortuna
710 2155 861 2233 frequenti
878 2146 1056 2215 doctissimis
1070 2147 1212 2216 sermoni-

280 2261 298 2318 5
310 2252 365 2313 bus
376 2252 439 2313 dies
454 2251 647 2331 transigebat,
660 2272 729 2311 cum
743 2273 761 2311 a
775 2251 930 2312 scribendo
941 2261 1069 2312 uacaret.
1104 2251 1212 2313 scribe

310 2352 362 2411 bat
376 2350 507 2411 earmina
522 2349 633 2409 maiore
647 2370 718 2409 eura
732 2370 823 2427 quam
837 2349 964 2430 ingenio,
981 2369 1040 2410 non
1055 2369 1211 2429 nunquam

280 2448 419 2520 sindicia
434 2448 589 2508 hominum
611 2447 837 2508 recitationibus
853 2446 1069 2527 experiebatur.
1112 2447 1211 2509 nouis

310 2546 383 2607 sime
404 2547 447 2605 ita
468 2544 663 2605 suadentibus
684 2545 778 2609 annis,
791 2544 829 2604 ab
847 2545 919 2605 urbe
938 2544 1059 2605 secessit
1072 2564 1164 2624 seque
1177 2544 1209 2604 in
1224 2571 1256 2608 κο

310 2644 473 2723 Oanrpania
487 2642 594 2715 tenuit,
610 2662 645 2703 ae
659 2663 696 2702 ne
710 2641 844 2702 aduentu
855 2642 975 2721 quidem
986 2642 1056 2703 noui
1067 2641 1234 2723 principis,
1258 2675 1261 2680 ·

280 2741 379 2804 'finde
400 2750 566 2800 commotus
588 2748 640 2800 est
685 2761 794 2819 magna
815 2738 948 2800 Caesaris
970 2738 1042 2811 laus,
1065 2738 1121 2799 sub
1148 2758 1210 2817 quo

310 2840 365 2899 hoe
380 2838 505 2897 liberum
522 2838 588 2910 fnit,
605 2858 714 2917 magna
728 2838 816 2908 illius,
832 2838 881 2915 qni
898 2838 951 2897 bac
966 2837 1105 2897 libertate
1119 2856 1209 2896 ausus

310 2950 355 2997 est
381 2937 433 2995 nti.
478 2948 542 2995 erat
566 2936 730 3007 φιλόκαλος
750 2957 842 3014 usque
864 2936 902 2995 ud
925 2935 1090 2995 enraeitetis
1113 2955 1209 3014 repre

280 3034 490 3102 8lrensionenr.
538 3032 636 3111 plnres
662 3034 754 3093 isdem
779 3034 809 3091 in
836 3034 905 3093 loeis
930 3034 1016 3093 uillas
1038 3032 1209 3113 possidebat
1224 3054 1254 3107 ²5

309 3131 515 3207 :ululantisqne
531 3130 616 3188 imnis
635 3132 748 3209 priores
770 3131 953 3211 neglegebat.
997 3130 1126 3190 multum
1146 3130 1209 3189 nbi-

309 3249 366 3306 que
382 3228 533 3298 librorum,
550 3227 678 3287 multum
696 3239 871 3299 statuarum,
888 3228 1015 3287 multum
1033 3228 1206 3308 imaginum,

308 3346 382 3405 quas
405 3347 462 3384 non
486 3326 615 3384 habebat
637 3326 725 3385 modo
747 3346 850 3384 uerum
880 3326 969 3384 etiarn
998 3325 1206 3399 uenerabatur,

498 3491 538 3534 2⁶
560 3488 588 3535 lo
605 3485 736 3551 frequenti
748 3490 817 3534 font
829 3486 959 3548 praesenti
971 3488 1019 3535 ΙΝ
