2950 4175
318 363 363 423 13.
380 366 413 429 (L
423 368 469 429 20)
557 365 758 423 EPISTVLAE
781 371 970 425 SELEGI'AR
1187 372 1220 424 23

317 532 390 585 uero,
420 531 490 572 oum
517 513 591 574 haec
617 515 692 588 dico,
721 516 807 576 illum
836 517 1030 581 Homericum
1060 519 1219 595 ἀμετροεπῆ

317 611 412 690 probo,
428 611 483 671 scd
496 611 577 672 hunc

443 707 491 764 καὶ
505 708 572 765 ἔπεα
587 709 757 782 νιφάδεσσιν
772 711 883 771 εὀικότα
898 713 1088 792 χειμερίῃσιν·

317 823 370 864 non
384 804 457 882 quia
470 825 531 865 non
546 813 577 864 et
591 804 641 866 ille
655 808 729 867 mihi
745 809 928 871 ualidissime
941 812 1066 892 placeat,

296 919 306 970 5

316 998 338 1056 si
369 1006 472 1059 tamen
506 998 597 1059 detur
631 999 746 1074 electio,
782 1003 865 1063 illam
893 1005 1061 1066 orationem
1089 1003 1218 1065 similem

317 1094 431 1156 niuibus
459 1095 601 1169 hibernis,
630 1096 663 1157 id
690 1106 737 1158 est
763 1100 898 1160 crebram
933 1110 966 1161 et
999 1102 1158 1162 adsiduam
1186 1108 1219 1160 et

316 1192 433 1273 largam,
449 1202 601 1272 postremo
614 1192 749 1254 diuinam
764 1206 795 1256 et
808 1197 975 1272 caelestem,
992 1199 1069 1260 uolo.

350 1291 395 1351 At
429 1299 477 1351 est
509 1291 625 1371 gratior
658 1292 762 1352 multis
795 1293 874 1353 actio
909 1294 1018 1355 breuia.
1072 1305 1126 1368 est,
1164 1293 1217 1354 scd
1231 1294 1264 1350 23

284 1408 307 1448 ιο
315 1387 466 1463 inertibus,
482 1409 610 1467 quorum
623 1388 745 1450 delicias
759 1390 964 1470 desidiamque
974 1393 1061 1470 quasi
1071 1391 1218 1453 iudicium

315 1486 457 1565 respicere
491 1486 650 1547 ridiculum
685 1495 739 1547 est.
782 1507 852 1546 nam
886 1488 912 1546 si
947 1489 1001 1548 hos
1032 1490 1065 1548 in
1092 1488 1218 1550 consilio

314 1582 429 1658 habeas,
458 1603 519 1643 nen
547 1583 644 1644 solum
671 1584 765 1644 satius
792 1593 839 1645 est
867 1586 1002 1646 breuiter
1029 1586 1130 1648 dicere
1163 1585 1217 1646 scd

314 1681 433 1741 omnino
447 1701 507 1742 non
521 1680 627 1742 dicere.

350 1779 436 1841 Haec
456 1789 503 1840 est
522 1779 621 1840 adhuc
641 1780 791 1840 sententia
812 1800 885 1853 mea,
912 1800 1003 1858 quam
1028 1781 1162 1853 mutabo,
1192 1781 1216 1839 si
1230 1781 1263 1838 24

281 1896 304 1948 15
313 1877 486 1938 dissenseris
499 1887 543 1952 tu,
559 1878 611 1938 sed
625 1877 713 1958 plana
734 1897 786 1937 cur
806 1877 966 1937 dissentias
988 1877 1119 1956 explices
1133 1896 1215 1957 rogo.

312 1975 449 2054 quamuis
463 1976 544 2036 enim
557 1975 662 2036 cedere
675 1975 848 2035 auctoritati
869 1982 940 2034 tuae
954 1974 1089 2047 debeam,
1105 1974 1217 2034 rectius

313 2080 413 2134 tamen
433 2073 566 2134 arbitror
584 2073 615 2132 iu
637 2082 723 2133 tanta
744 2093 776 2132 re
797 2071 913 2131 ratione
928 2092 1019 2149 quam
1034 2071 1217 2131 auctoritate

313 2171 454 2251 superari.
508 2170 633 2254 proinde
657 2172 682 2231 si
707 2191 766 2230 non
792 2190 891 2229 errare
914 2169 1027 2240 uideor,
1057 2169 1089 2228 id
1117 2170 1217 2248 ipsum
1230 2170 1263 2227 25

312 2288 401 2347 quam
422 2268 506 2329 uoles
525 2268 610 2328 breui
631 2268 760 2347 epistula
783 2267 834 2327 sed
860 2277 962 2326 tamen
983 2265 1079 2325 scriba
1101 2265 1218 2341 (confir-

280 2367 492 2427 amarisenim
502 2366 644 2427 iudicium
659 2368 772 2438 mcum)
786 2389 793 2439 ;
808 2366 831 2424 si
847 2384 995 2435 errauero,
1012 2362 1217 2444 longissimam

314 2483 392 2542 para
435 2485 508 2524 num
529 2464 647 2544 corrupi
671 2474 710 2535 te,
735 2464 786 2541 qui
813 2462 876 2534 tibi,
901 2462 926 2521 si
952 2461 1026 2520 mihi
1051 2461 1216 2532 accederes,

314 2560 413 2622 breuis
437 2561 583 2641 epistulae
607 2562 822 2633 necessitatem,
849 2560 874 2619 si
902 2559 1085 2631 dissentires,
1111 2558 1218 2639 longis

315 2658 405 2721 simae
418 2659 566 2738 imposuit
605 2659 681 2720 uale.

319 2841 346 2889 12
366 2841 451 2890 satius
470 2848 510 2889 est
528 2840 645 2889 breuiter
664 2844 753 2890 BFcua
772 2840 856 2888 artius
878 2838 996 2887 breuiter
1015 2842 1064 2887 HV
1104 2837 1135 2885 16
1157 2842 1219 2884 tuac

317 2922 422 2973 debeam
440 2928 530 2974 Brona
546 2923 654 2972 ‹lelmru
673 2931 734 2972 tuae
752 2928 798 2971 MV
836 2925 865 2970 lo
885 2920 929 2969 seul
948 2928 1036 2969 tamen
1055 2936 1103 2969 om.
1125 2924 1218 2967 l'cou·

317 3003 427 3055 firmatis
445 3010 483 3054 Ba
499 3004 694 3055 conlimiaueris
710 3010 763 3054 fou
781 3002 947 3053 confirmabis
964 3007 1012 3052 HV
1047 3003 1081 3051 20
1096 3016 1220 3049 ermucro

317 3090 403 3139 Bl'm
412 3104 501 3138 errare
511 3092 559 3138 tv
