2950 4175
249 383 297 438 20.
315 382 361 443 (IL
376 386 417 442 14)
493 382 693 433 EPISTVLAE
715 383 903 435 sutburna
1120 385 1153 438 37

249 527 381 586 claritate
392 526 440 585 uel
455 527 568 605 negotii
583 527 790 607 magnitudine
800 529 934 610 insignis.
964 529 1004 589 ad
1019 529 1075 589 hoc
1090 549 1152 608 per-
1166 530 1184 586 2

250 624 332 703 pauci
346 644 415 683 cum
429 623 538 700 quibus
560 624 645 683 iuuat
665 624 782 686 dicere:
803 629 895 687 ceteri
917 627 1046 687 audaces
1060 635 1153 704 atquc

250 723 336 780 etiam
360 741 470 800 magna
492 740 530 780 ex
552 731 637 799 parte
659 721 877 785 adulescentuli
899 724 1019 784 obscuri
1041 722 1081 782 ad
1104 722 1153 782 de-

249 818 435 878 clamandum
470 817 527 877 huc
561 819 753 892 transierunt,
790 829 854 880 tam
888 822 1091 881 irreuerenter
1121 830 1153 878 et

229 924 357 983 sternere
372 925 408 973 ut
421 914 494 972 mihi
510 914 621 974 Atilius
631 925 732 976 noster
740 937 879 997 expresso
887 919 1000 979 dixisse
1011 917 1153 977 uideatur

249 1012 332 1072 sicin
347 1012 414 1073 loro
435 1030 543 1090 pueros
556 1032 575 1071 a
594 1014 863 1075 centumuiralibus
884 1017 982 1076 causis
1002 1015 1151 1095 auspicari

250 1117 281 1168 ut
301 1109 340 1168 ab
364 1108 497 1168 Homero
518 1109 549 1166 in
571 1109 687 1171 scholis.
730 1130 799 1170 nam
821 1109 870 1173 hie
891 1132 1013 1192 quoque
1034 1122 1070 1173 ut
1091 1111 1152 1171 illic

249 1205 489 1285 primumcoepit
509 1206 669 1284 essequod
691 1207 856 1268 maximum
876 1217 931 1269 est.
975 1219 1008 1270 at
1029 1208 1151 1270 hercule
1164 1161 1238 1268 3-l

248 1312 315 1364 ante
328 1305 503 1363 memoriam
518 1324 614 1363 meam
630 1304 686 1384 (ita
700 1305 825 1365 maiores
839 1314 913 1367 natu
925 1306 1024 1367 solent
1038 1308 1151 1384 dicere)

218 1419 283 1462 rone
294 1402 486 1463 nobilissimis
506 1401 628 1479 quidem
646 1400 877 1463 adulescentulis
898 1404 981 1464 loeus
1003 1416 1069 1465 erat
1094 1407 1151 1466 nisi

247 1499 344 1578 aliquo
366 1499 513 1560 consulari
534 1499 736 1579 producente:
762 1507 848 1559 tanta
869 1503 1066 1562 ueneratione
1089 1502 1152 1583 pul-

247 1596 424 1657 cherrimum
438 1616 513 1676 opus
526 1597 686 1657 colebatur.
729 1615 809 1657 nunc
823 1597 959 1657 refractis
981 1599 1105 1677 pudoris
1120 1609 1152 1660 et
1164 1603 1182 1658 4

247 1694 431 1754 reuerent-iae
455 1694 592 1754 claustris
613 1695 713 1754 omnia
733 1702 840 1774 patent
860 1695 1008 1769 omnibus,
1033 1718 1088 1757 nec
1109 1699 1152 1757 in-

246 1791 397 1852 ducuntur
417 1791 470 1851 sed
498 1793 676 1872 irrumpunt.

216 1904 237 1958 ¹5
284 1890 460 1968 Sequuntur
477 1890 629 1951 auditores
648 1890 800 1951 actoribus
820 1889 941 1962 similes,
960 1890 1101 1951 conducti
1120 1901 1152 1952 ct

247 1987 410 2066 redempti:
428 2007 565 2067 manceps
578 1987 777 2048 conuenitur:
798 1987 830 2048 in
841 1987 941 2048 media
955 1987 1078 2048 basilica
1088 2000 1151 2048 tam

247 2085 341 2165 palam
357 2085 507 2165 sportulae
520 2106 610 2164 quam
629 2086 660 2145 in
682 2084 812 2147 triclinio
826 2084 956 2146 dantur:
979 2106 1017 2145 ex
1039 2086 1151 2147 iudicio

246 2184 275 2243 in
297 2183 440 2243 iudicium
460 2184 525 2263 pari
545 2183 680 2244 mercede
702 2183 857 2243 transitur.
899 2182 972 2243 inde
1000 2184 1061 2242 iam
1090 2186 1181 2243 nonb

246 2283 390 2343 inurbane
423 2282 581 2355 Σοφοκλεῖς
616 2292 763 2343 uocantur
792 2280 862 2364 [ἀπὸ
897 2280 951 2339 τοῦ
977 2281 1080 2353 σοφῶς
1103 2282 1152 2337 καὶ

209 2378 425 2461 υκαλεῖσθαι];
460 2380 555 2440 isdem
584 2381 724 2441 Latinum
755 2401 864 2440 nomen
898 2380 1076 2459 impositum
1105 2389 1152 2439 est

247 2459 443 2538 Laudiceni*
457 2488 488 2537 et
502 2488 601 2539 tamen
616 2479 723 2539 crescit
743 2479 774 2538 in
789 2478 853 2539 dics
876 2478 1006 2539 foeditas
1021 2490 1150 2555 utraque
1164 2478 1181 2534 6

246 2575 347 2656 lingua
362 2585 473 2636 notata.
516 2576 578 2636 heri
599 2575 661 2638 duo
682 2575 919 2638 nomenclatores
940 2576 999 2635 mei
1023 2574 1151 2654 (habent

246 2694 315 2733 sanc
343 2682 472 2733 aetatem
502 2694 603 2734 eornm
632 2674 685 2754 qui
711 2693 806 2754 nuper
837 2684 923 2755 tegas
952 2671 1149 2752 sumpserint)

246 2771 339 2831 ternis
365 2770 495 2831 denariis
518 2772 556 2831 ad
592 2770 774 2832 laudandum
804 2772 1010 2831 trahebantur.
1071 2769 1149 2828 tanti

277 2982 321 3024 20
340 2979 349 3025 1
369 2977 493 3041 perpauci
508 2982 577 3026 Fon·
591 2978 618 3026 in
630 2977 706 3040 petrei
718 2981 737 3026 B
751 2977 827 3041 pauci
842 2976 909 3025 HV?
940 2976 957 3023 ‘2
973 2976 1050 3023 iuuat
1062 2977 1152 3021 Brona

246 3059 318 3107 iuuet
333 3063 380 3107 MV
416 3062 445 3107 lt)
461 3059 665 3108 mluleseentulis
682 3063 753 3108 Brea
769 3056 985 3107 mluleeeentilrus
1003 3055 1087 3104 uvea
1122 3055 1152 3103 13

245 3139 405 3190 inducuntur
423 3145 512 3190 Brona
529 3140 662 3190 ducuntur
681 3145 728 3189 HV
774 3142 804 3188 lr'»
826 3139 952 3188 conducti
970 3146 999 3186 et
1019 3136 1150 3200 redempti

246 3238 366 3286 manceps
378 3223 520 3287 (mancipes
532 3222 557 3279 f,
570 3238 619 3272 om.
633 3226 663 3280 B)
675 3220 762 3271 nutv?
773 3221 932 3269 conuertitur
944 3236 960 3268 a
972 3217 1112 3267 conductis
1124 3224 1152 3265 et

245 3304 388 3369 redemptis
406 3308 464 3362 (orn.
485 3308 617 3369 manceps)
635 3308 654 3353 Ρ
673 3303 796 3353 conducti
815 3310 844 3351 et
865 3301 995 3366 redempti
1018 3300 1152 3363 mancipes

245 3389 401 3436 cerurenitur
420 3404 435 3435 a
454 3386 592 3436 conductis
611 3394 639 3436 ct
658 3386 801 3451 redemptis
824 3398 876 3435 oua
909 3387 941 3433 ‘22
960 3383 1016 3432 beri
1035 3381 1104 3442 (neri
1122 3384 1151 3441 ιι)

245 3472 333 3518 Heus
345 3470 405 3519 here
417 3473 464 3517 HV
495 3470 528 3518 23
544 3469 704 3534 sumpserint
714 3471 763 3516 HV
773 3474 944 3530 sumpserunt
956 3468 1048 3514 mu
