2950 4175
300 377 355 434 aa
373 373 434 435 nv.
448 371 489 431 ia)
552 368 749 420 ansrvnan
771 370 960 423 suaseras.
1178 373 1210 424 aa

302 530 425 604 gratum
447 517 504 575 hoo
524 514 704 587 Domitiano,
726 515 801 575 adeo
822 517 944 595 quidem
959 530 994 578 ut
1011 519 1123 600 gaudio
1145 538 1210 597 pro
1224 513 1257 570 13

303 620 435 685 deretur,
451 612 623 688 diceretque
638 612 785 672 ‘absoluit
799 634 852 673 nos
867 615 1058 676 Licinianus'
1099 616 1210 676 adiecit

305 715 396 774 etiam
410 731 470 770 non
485 729 549 769 esse
565 710 757 768 uerecundiae
769 712 832 770 eius
847 711 1041 773 instandum:
1065 715 1121 793 ipsi
1137 733 1209 773 uero

306 808 448 890 permisit,
472 807 498 866 si
520 825 581 884 qua
604 816 710 884 posset,
734 827 772 866 ex
791 809 879 869 rebus
901 811 962 870 suis
986 822 1113 890 raperet,
1138 819 1210 871 aute

261 912 394 984 squam
422 905 502 965 bona
528 903 757 983 publicarentur,
781 906 977 986 exsiliumque
1005 910 1094 969 molle
1125 909 1211 968 uelut
1264 980 1267 989 Ι

307 1004 471 1085 praemium
492 1002 587 1062 dedit.
637 1022 675 1062 ex
697 1022 757 1080 quo
784 1012 886 1064 tamen
913 1015 1019 1085 postea
1048 1008 1209 1068 elementia
1223 1010 1257 1067 14

306 1100 369 1160 diui
383 1099 503 1160 Neruae
517 1099 680 1159 translatus
694 1108 741 1158 est
756 1099 788 1158 in
809 1099 949 1176 Siciliam,
967 1104 1019 1163 ubi
1041 1125 1121 1164 nuno
1142 1124 1218 1184 pro·

306 1198 409 1258 fitetur
422 1217 513 1276 seque
526 1196 565 1257 de
578 1197 698 1257 fortuna
711 1196 945 1277 praefationibus
960 1201 1103 1261 uindicat.

344 1295 438 1356 Vides
465 1316 556 1374 quam
577 1297 775 1374 obsequenter
808 1316 928 1375 paream
957 1298 1021 1372 tibi,
1059 1301 1111 1378 qui
1147 1320 1207 1360 non
1222 1301 1255 1358 15

240 1393 295 1447 ¹0
306 1393 401 1454 solum
415 1413 462 1454 res
473 1393 600 1454 urbanas
614 1414 718 1453 uerum
733 1394 824 1453 etiam
837 1395 1009 1474 peregrinas
1024 1404 1086 1455 tam
1102 1397 1207 1457 sedulo

305 1492 402 1552 scribo
422 1501 458 1551 ut
477 1491 569 1551 altius
589 1501 729 1570 repetam.
773 1500 805 1549 et
826 1510 897 1550 saue
919 1492 1064 1569 putabam
1080 1503 1119 1567 te,
1135 1495 1207 1573 quia

306 1599 377 1650 tune
401 1589 513 1662 aluisti,
536 1589 611 1649 nihil
632 1588 713 1648 aliud
741 1587 779 1647 de
800 1587 954 1648 Liciniano
976 1589 1095 1650 audisse
1116 1612 1206 1668 quarn

306 1689 470 1770 relegatum
512 1688 551 1748 ob
591 1689 745 1747 incestum.
801 1706 947 1745 summam
990 1687 1070 1746 enim
1106 1708 1207 1748 rerum

305 1789 427 1848 nuntiat
461 1787 549 1860 fama,
578 1806 637 1846 non
664 1785 808 1844 ordinem.
860 1804 976 1844 mereor
1005 1794 1041 1844 ut
1077 1786 1206 1859 uicissim
1220 1797 1253 1854 16

260 1893 293 1950 ¹5
304 1884 377 1963 quid
398 1885 430 1944 in
451 1884 562 1964 oppido
576 1894 637 1956 tuo,
660 1882 732 1961 quid
754 1883 785 1942 in
806 1882 942 1940 finitimis
963 1893 1073 1962 agatur
1096 1883 1207 1959 (solent

303 1983 383 2044 enim
397 1982 542 2043 notabilia
551 1981 695 2060 quaedam
710 1979 853 2058 incidere)
869 1980 1053 2058 perscribas:
1076 1979 1206 2058 deniquo

303 2080 452 2161 quidquid
467 2079 557 2154 uoles,
573 2079 645 2139 dum
659 2079 749 2139 modo
760 2099 818 2138 non
842 2078 940 2137 minus
964 2077 1054 2158 longa
1077 2078 1206 2157 epistula

303 2180 433 2240 nunties.
483 2198 540 2258 ego
561 2198 620 2238 non
641 2178 764 2257 paginas
786 2186 903 2236 tantam
918 2177 970 2237 sed
993 2177 1085 2237 etiam
1101 2196 1206 2245 uersus

303 2278 493 2357 syllabasque
504 2276 673 2336 numerabo.
716 2276 791 2335 uale.

261 2632 290 2669 ω
625 2553 693 2657 *[33.
726 2602 785 2662 (ιιι
808 2603 858 2663 ra)

417 2717 447 2770 c.
468 2717 809 2770 Pmu1vsconusu10
826 2718 956 2770 raclro
973 2718 1042 2770 svo
1058 2719 1085 2771 s.

340 2852 466 2911 Saluum
487 2852 517 2910 in
540 2851 642 2911 urbem
664 2854 778 2912 uenisse
798 2852 933 2933 gaudeo;
959 2854 1068 2912 uenisti
1089 2865 1199 2927 autern,
1231 2863 1247 2919 1

301 2951 324 3008 si
339 2948 460 3027 quando
473 2948 554 3021 alias,
570 2970 647 3010 nuno
661 2952 788 3010 maximo
810 2951 880 3010 mihi
899 2951 1095 3011 ‹lesideratus
1138 2952 1200 3029 ipsa

301 3047 435 3127 pauculis
454 3047 552 3107 adhue
572 3048 677 3108 diebus
699 3050 728 3108 in
747 3049 914 3109 Tusculano
935 3049 1149 3122 commorabor,
1167 3063 1201 3109 ut

303 3211 333 3260 ld
350 3208 480 3259 notabilia
489 3209 616 3275 quaedam
633 3216 720 3262 Brona
736 3216 779 3273 (cs.
799 3212 853 3263 111.
872 3218 894 3262 1.
910 3216 926 3262 2
940 3214 1049 3263 corilusa
1059 3212 1199 3277 quaedam}

300 3292 428 3356 quaedam
444 3291 572 3341 notabilia
587 3298 634 3342 lv
671 3297 699 3343 18
716 3297 821 3344 rrunties
838 3301 927 3347 Brona
943 3299 1038 3347 nuntia
1055 3302 1102 3346 MV
1118 3297 1199 3347 etiam

302 3389 391 3423 ueram
401 3379 491 3425 Hm
501 3391 592 3425 uenus
601 3377 681 3425 etiarn
692 3376 760 3424 btv?

333 3461 375 3505 ⁸⁸
390 3457 424 3506 22
439 3456 653 3514 ιΙιιιιιιιωίιιι,
666 3474 714 3507 om.
728 3458 820 3507 torell.
