2950 4175
305 333 360 389 24.
378 330 477 393 (1115)
533 342 535 347 '
548 330 751 382 EPISTVLAE
774 333 965 387 SELEOTAE.
1183 335 1215 386 51

302 475 479 538 memoriam
493 494 578 534 suam
592 476 754 554 orabatque
770 489 804 536 ut
818 498 849 538 se
863 480 902 539 ab
922 482 1033 541 iniuria
1054 478 1216 542 obliuionis

301 575 465 635 adsereret.
503 571 654 652 ‘Studiosi
675 575 753 645 tres,'
778 577 809 634 in
837 597 890 636 sex
913 579 1069 638 uolumina
1090 586 1216 657 propter
1244 594 1262 650 5

237 686 240 691 ·
300 669 534 747 amplitudinem
582 668 679 740 diuisi,
721 672 830 748 quibus
869 684 1020 735 oratorem
1057 675 1097 734 ab
1134 674 1215 733 ineu·

300 765 422 826 nebulis
468 765 603 824 instituit
643 776 675 825 ct
719 768 852 844 perfecit.
916 772 1017 831 ‘dubii
1067 769 1214 832 sermonis

269 858 387 940 5octo’
418 859 537 936 scripsit
568 858 624 917 sub
655 858 774 919 Nerone
807 863 977 923 nouissimis
1013 865 1110 936 annis,
1144 882 1213 922 cum

298 974 390 1018 omne
418 955 587 1015 studiorum
616 975 711 1035 genus
742 958 832 1036 paulo
866 959 989 1020 liberius
1017 971 1049 1022 et
1083 960 1213 1033 erectius
1285 1024 1290 1038 Ι

297 1047 500 1130 periculosum
524 1047 654 1107 seruitus
685 1047 811 1108 iecisset.
857 1057 893 1110 ‘a
914 1053 973 1112 fine
997 1053 1104 1114 Aufidi
1127 1051 1212 1112 Bassi
1242 1059 1259 1116 6

297 1142 428 1221 triginta
479 1140 575 1200 unus!
642 1148 783 1200 ‘naturae
832 1142 1026 1205 historiarum
1083 1146 1212 1224 triginta

296 1236 433 1316 septem,’
454 1257 528 1317 opus
549 1238 698 1310 diffusum,
722 1238 882 1312 eruditum,
899 1260 953 1301 nec
970 1242 1070 1302 minus
1091 1243 1211 1303 uarium

250 1373 284 1411 ,ο
296 1356 390 1415 quam
411 1335 476 1414 ipss
498 1343 613 1394 natura.

339 1432 461 1493 Mirans
495 1432 576 1511 quad
611 1441 659 1492 tet
693 1431 847 1492 uolumina
889 1432 1044 1511 multaque
1087 1436 1119 1495 in
1162 1436 1210 1495 bis
1239 1447 1257 1503 7

296 1541 361 1592 tem
388 1530 563 1608 scrupulosa
591 1530 679 1590 hemo
707 1540 868 1608 occupatus
897 1531 1082 1591 absolueritl
1114 1533 1210 1613 magis

296 1629 461 1699 miraberis,
505 1628 529 1687 si
579 1629 679 1688 scieris
732 1629 818 1688 illurn
870 1628 1047 1705 aliquandiu
1103 1649 1209 1690 causas

295 1728 445 1798 actitasse,
485 1726 644 1786 decessisse
679 1747 758 1786 anno
800 1737 886 1786 sexto
927 1736 959 1786 et
1001 1726 1209 1807 quinquagen-

252 1826 380 1908 15sim0,
407 1823 541 1884 medium
555 1834 673 1904 tempus
694 1824 863 1883 distentum
884 1822 1126 1902 impeditumque
1148 1845 1209 1903 qua

296 1922 559 1984 officiis-maximis
580 1943 639 2001 qua
659 1922 791 1981 amicitia
812 1921 981 2001 principum
1003 1922 1109 2002 egisse.
1153 1923 1207 1983 sed
1237 1936 1254 1991 8

296 2029 362 2080 eret
395 2040 464 2080 aare
505 2021 665 2099 ingenium,
698 2018 872 2078 incredibile
907 2018 1051 2090 studium,
1089 2040 1207 2079 suruma

297 2117 463 2198 uigilantia
514 2118 669 2178 lucubrare
697 2116 912 2203 Vulcanalibus
941 2116 1114 2196 incipiebat,
1145 2121 1245 2187 unul·
1268 2136 1286 2169 a

295 2214 469 2294 auspicandi
483 2235 572 2275 causa
588 2216 639 2275 scd
661 2195 933 2287 studendi,sletim
947 2234 966 2273 a
987 2225 1076 2273 nocte
1097 2214 1204 2286 multa,
1239 2286 1242 2301 Ι

254 2314 393 2379 aohieme
420 2333 493 2373 uero
526 2314 565 2373 ab
593 2314 664 2374 hera
692 2314 827 2393 septima,
853 2313 901 2372 uel
925 2333 993 2372 cum
1022 2311 1204 2384 tardissime,
1240 2309 1285 2376 l

295 2421 409 2484 octaua,
438 2430 526 2491 saepe
554 2421 647 2471 sexte.
697 2420 762 2471 erat
786 2431 857 2470 sane
884 2410 981 2470 somni
1010 2409 1203 2489 paratissimi,
1268 2416 1271 2423 '

295 2530 353 2571 non
382 2529 537 2588 nunquam
565 2510 655 2569 etiam
680 2510 760 2569 iuter
787 2510 852 2588 ipsa
876 2508 977 2568 studia
1006 2508 1150 2567 instantis
1173 2518 1263 2610 etc,

293 2606 466 2669 deserentis
507 2618 579 2668 aute
593 2608 688 2668 lucem
701 2607 766 2667 ibat
783 2606 822 2667 ad
841 2606 1059 2685 Vespasianum
1077 2606 1204 2683 impera·
1233 2613 1264 2679 9¹¹

294 2709 388 2761 torem
404 2704 486 2777 (riam
508 2699 558 2760 ille
579 2721 696 2779 quoquc
718 2701 856 2761 nectibus
878 2700 1043 2776 utebatur),
1067 2697 1139 2757 indc
1164 2697 1202 2756 ad
1241 2681 1258 2755 s

257 2798 463 2879 25delegatunr
485 2799 540 2857 sibi
562 2800 697 2858 alliciunt.
742 2819 878 2858 rcucrsus
898 2798 1031 2867 (laurum,
1055 2795 1137 2873 qurul
1161 2816 1224 2854 rc-‘

293 2897 408 2975 liquum
422 2898 566 2975 tcruporis
580 2897 687 2956 studiis
702 2897 856 2956 rerlrlclnt.
895 2906 963 2974 pest
981 2895 1082 2955 cibum
1102 2914 1200 2973 sacpc,
1216 2913 1249 2968 10

292 3015 380 3073 quem
400 2994 533 3055 intenliu
549 2994 644 3054 lcucrn
660 3008 690 3054 ct
712 2996 827 3054 lacilcru
845 3006 982 3053 uctcruur
999 3013 1082 3052 more
1106 3012 1201 3052 saune-

293 3092 352 3165 bat,
361 3103 485 3165 aestate,
499 3092 605 3171 siquid
616 3093 677 3164 etii,
690 3092 805 3152 iaccbat
816 3093 847 3151 iu
857 3092 928 3163 sole,
940 3091 1016 3151 liber
1031 3091 1199 3171 legebatur,

293 3258 307 3303 4
324 3254 436 3319 perfecit
453 3258 523 3303 Brea
542 3254 643 3319 perit-ir
663 3259 727 3303 uva
764 3254 910 3302 tcrcctius
928 3257 1039 3302 vaeua
1056 3253 1156 3301 rectius
1174 3257 1200 3300 Μ

294 3338 309 3384 8
324 3343 434 3387 naturae
451 3337 568 3386 Hvoufs
585 3347 679 3384 ruitura
696 3342 732 3385 BP
751 3336 911 3385 naturalium
929 3334 1074 3383 uictarum
1109 3336 1136 3382 ll
1157 3333 1200 3383 bis

293 3420 389 3468 {veae
401 3420 434 3467 iis
445 3422 483 3467 81·
