2950 4175
302 379 347 428 136
505 375 534 427 O.
554 372 654 425 PLINl
672 371 817 424 cauom
834 371 994 424 suevum
1050 370 1105 429 '78-
1121 370 1168 433 (X.
1180 372 1205 431 1)

648 769 783 833 LIBER
816 769 854 834 X.

587 935 654 1003 (Ap
678 935 921 1005 ruarauvu)

658 1173 709 1230 73.
745 1174 788 1235 (Χ.
811 1176 846 1234 l.)
1110 1170 1143 1223 ng

433 1287 462 1340 C.
483 1288 629 1339 PLINIVS
646 1286 811 1339 TRAIANO
828 1287 1059 1340 IMPERATORI

272 1410 286 1465 l
340 1405 406 1466 Tua
429 1404 551 1484 quidem
580 1405 684 1484 pietas,
715 1405 877 1484 imperator
904 1405 1100 1477 sanctissime,
1121 1414 1205 1484 epte
1237 1426 1251 1481 ς

301 1513 386 1564 uerat
411 1512 559 1582 utquam
583 1501 753 1563 tardissime
775 1501 947 1563 succederes
968 1502 1067 1582 petri3
1097 1498 1205 1561 seddi
1237 1521 1250 1549 '-

300 1600 484 1660 immortales
499 1600 722 1660 lestinuueruut
733 1599 863 1659 uirtutes
874 1607 942 1659 tuas
951 1599 991 1659 ad
1001 1597 1206 1679 gubernacula

271 1699 288 1754 2
301 1699 342 1758 rei
358 1698 493 1777 publicae
508 1717 599 1775 quam
614 1716 787 1776 susceperas
801 1695 969 1757 admouere.
1013 1716 1118 1776 precor
1131 1714 1206 1777 ergo

301 1806 336 1856 ut
356 1795 412 1855 tibi
434 1805 465 1855 et
486 1815 540 1874 per
561 1803 592 1855 te
613 1794 716 1876 generi
740 1794 871 1854 humano
892 1813 1035 1873 prospera
1048 1792 1157 1867 omnia,
1172 1792 1206 1853 id

300 1905 346 1954 cst
373 1894 466 1974 <ligna
493 1891 612 1953 saeculo
641 1902 703 1964 tuo,
733 1892 919 1972 contingant.
976 1891 1086 1952 fertem
1115 1900 1146 1952 te
1173 1900 1207 1952 et
1222 1912 1253 1950 ιο

300 1991 434 2064 hilarem,
448 1991 611 2070 imperator
621 1990 744 2069 optime,
757 1998 789 2049 et
799 1989 941 2069 priuatim
952 1997 984 2050 et
992 1989 1112 2069 publice
1122 1998 1204 2069 opto.

633 2213 710 2276 Ἤ.
746 2220 789 2277 (Χ.
809 2222 847 2279 a)

438 2337 465 2386 c.
487 2334 635 2385 rururvs
652 2335 816 2385 rurrauc
835 2333 1071 2385 ruruuiroer.

273 2466 287 2521 1
342 2454 525 2532 Exprimere,
551 2450 681 2523 demine,
710 2451 809 2511 uerbis
833 2471 892 2511 non
916 2471 1037 2529 possum
1057 2459 1206 2528 quantum

302 2552 373 2611 milri
389 2550 533 2632 gaudium
548 2549 695 2621 attuleris,
713 2550 793 2627 qued
810 2571 857 2609 mc
871 2548 997 2629 dignum
1012 2547 1126 2628 putasti
1141 2547 1207 2607 iure
1224 2559 1251 2613 ¹5

302 2650 392 2709 trium
408 2650 579 2708 liberorum.
623 2647 762 2725 quamuis
777 2648 856 2707 cuim
869 2645 927 2706 Iuli
942 2646 1089 2718 Seruiani,
1099 2644 1206 2725 optimi

303 2748 357 2806 uiri
384 2747 488 2823 tuique
516 2745 722 2817 amantissimi,
752 2745 886 2824 precibus
911 2743 1078 2816 indulseris,
1104 2751 1206 2804 tamen

302 2846 391 2905 etiarn
407 2865 444 2903 ex
460 2843 604 2922 rescripte
622 2842 765 2922 intellege
789 2841 930 2901 libentius
952 2842 1007 2902 hcc
1026 2842 1053 2902 ci
1074 2852 1104 2901 tc
1126 2861 1207 2920 prac—

273 2944 422 3010 astitisse,
445 2942 516 3019 quia
539 2961 592 3020 pro
610 2962 656 3000 me
675 2941 808 3020 regebat.
852 2939 956 2999 uideor
973 2961 1044 3020 erge
1059 2959 1205 2998 summam

304 3042 365 3100 uoti
382 3040 438 3099 inei
455 3050 640 3110 reusmutus,
657 3059 722 3098 (euru
743 3039 823 3097 inter
844 3037 930 3096 initia
951 3038 1112 3097 felicissimi
1129 3037 1207 3116 prin·
1221 3047 1253 3083 20

302 3140 418 3218 sipritus
434 3138 477 3196 tui
495 3136 669 3215 probaturis
685 3157 731 3193 ure
746 3135 783 3194 sul
797 3135 974 3213 preliatum
986 3134 1206 3212 indulgentiam

304 3249 385 3295 tuum
403 3236 571 3314 pertinere:
588 3254 682 3310 euque
697 3234 792 3309 iungis
808 3233 914 3290 lilwres
932 3233 1115 3311 concupisce,
1132 3253 1206 3310 (puis

305 3336 411 3393 luthere
428 3334 517 3391 etiarn
536 3332 586 3390 ille
602 3332 773 3390 tristissime
789 3331 904 3389 curule
920 3331 1010 3398 ualui,
1028 3331 1101 3388 sieut
1123 3342 1207 3408 pietus

274 3434 419 3496 3duelms
436 3430 633 3490 rrratrirueuiis
649 3430 722 3488 tricis
737 3429 865 3488 crulcre.
909 3428 1006 3488 seddi
1024 3428 1137 3494 melius,
1154 3428 1205 3505 qui
