2950 4175
293 408 328 460 ιιι
500 402 994 459 ommoaammsaovum
1030 404 1205 469 κιπιιι

293 551 460 614 adnotabat
473 551 720 631 exoerpebatque
764 550 841 613 nibil
854 551 937 613 euim
957 552 1034 635 legit
1044 550 1207 633 quodum

295 658 485 730 excerperet:
506 648 606 708 dioere
627 648 720 709 etiam
734 647 853 711 solebat
872 648 993 711 nullum
1006 668 1071 711 ease
1089 648 1206 711 h'brom

249 757 358 822 ntem
385 746 498 807 malum
526 752 562 805 ut
588 762 649 805 non
676 744 779 825 aliqua
805 754 894 827 parte
926 746 1091 827 prodanat
1133 754 1207 827 port

294 844 387 906 solem
401 844 578 924 plerumque
592 840 705 923 fn'gida
725 841 907 905 leuabatur·
927 844 1039 907 danda
1058 844 1207 927 gustabat

293 940 522 1018 dormiebatque
536 938 716 999 minimum:
737 959 811 1001 mox
823 958 912 1021 quast
902 940 982 1004 alio
994 942 1045 1005 die
1058 942 1207 1005 stridebat
1234 958 1251 1013 s

292 1039 568 1116 ineenaetempus
609 1032 1065 1149 superbanebbprlegabatun
1077 1038 1207 1103 adnota-

182 1104 282 1198 ι--12
292 1137 391 1209 batur,
403 1143 435 1196 et
448 1134 570 1214 quidem
584 1134 703 1196 omsim.
735 1132 860 1196 memim
850 1133 1024 1215 quendam
1037 1154 1077 1199 ex
1087 1136 1204 1211 amieis,

293 1254 361 1295 oum
370 1232 464 1294 leotor
474 1230 622 1343 quaedam
636 1250 796 1313 perperam
803 1232 1037 1311 pronuntiasset,
1046 1252 1206 1297 reuooarse

293 1339 333 1416 et·
351 1331 448 1411 repeti
471 1330 610 1412 ooegiese,
639 1330 710 1391 huie
743 1328 929 1391 auunoulum
955 1348 1056 1393 meum
1088 1330 1206 1395 dixisse

294 1428 502 1489 ‘intellexeras
523 1427 666 1507 nempet'
686 1447 756 1489 oum
779 1425 832 1488 ille
851 1425 1017 1499 adnuisset
1039 1434 1111 1491 ‘our
1129 1448 1206 1511 ergo
1221 1446 1254 1485 ιο

280 1525 472 1587 reuooabasi
511 1524 614 1586 deoem
628 1523 758 1605 amplius
772 1542 878 1585 uersus
892 1522 950 1587 bae
962 1532 1018 1586 tua
1031 1524 1206 1607 interpella

247 1623 375 1691 latione
398 1621 601 1701 perdidimus!
642 1630 729 1681 tanta
752 1629 819 1682 erat
842 1621 1025 1701 parsimonia
1046 1624 1204 1705 mmporis

291 1720 436 1803 surgebat
456 1728 607 1781 aestatea
634 1739 708 1780 oena
735 1718 810 1793 luoe,
840 1718 939 1780 hieme
965 1720 1047 1782 intra
1072 1721 1204 1801 primam

291 1820 396 1891 noetis,
412 1828 445 1878 et
459 1828 602 1897 tanquam
616 1815 718 1896 aliqua
731 1815 799 1898 lege
813 1825 949 1899 cogente.

246 1925 280 1988 14
331 1916 416 1979 Haeo
430 1918 510 1978 inter
530 1914 644 1976 medios
665 1915 784 1976 labores
798 1914 942 1996 urbisque
962 1914 1126 1979 fremitum
1168 1917 1204 1979 in
1219 1928 1250 1985 ις

290 2035 408 2077 seoessu
419 2015 515 2076 solum
528 2011 639 2074 balinei
654 2020 775 2094 tempus
783 2012 893 2075 studiis
903 2012 1111 2075 eximebatur:
1131 2034 1204 2077 oum

289 2113 480 2188 dioobalinei,
491 2113 530 2174 de
538 2111 732 2173 interioribus
740 2110 866 2191 loquor3
879 2131 950 2172 nam
957 2109 1032 2173 dum
1041 2110 1204 2196 destringi·

244 2220 278 2282 15
290 2207 815 2293 tmtergiturquaaudiebataliquid
822 2217 877 2270 aut
884 2207 1028 2271 distabat
1048 2207 1203 2272 initinere

289 2308 376 2389 quasi
391 2308 507 2370 solutus
520 2306 628 2368 ceteris
642 2306 721 2367 curis
735 2304 806 2367 huie
820 2306 874 2367 uni
893 2304 1038 2368 uaeabat:
1057 2305 1099 2368 ad
1119 2305 1202 2368 latus

289 2406 426 2469 notarius
440 2426 508 2467 oum
521 2404 599 2466 libro
613 2412 645 2465 et
658 2403 866 2485 pugillaribus,
881 2404 967 2466 ouius
980 2423 1087 2466 manus
1100 2403 1202 2468 bieme
1214 2416 1249 2458 ω

289 2503 415 2566 manicis
443 2501 664 2575 muniebantur,
691 2509 727 2562 ut
749 2520 788 2562 ne
810 2500 884 2563 eseli
906 2499 1029 2581 quidem
1052 2500 1201 2582 asperitas

290 2602 386 2664 ullum
407 2601 516 2663 studiis
537 2609 657 2680 tempus
677 2599 826 2679 eriperet3
847 2619 908 2678 qua
926 2619 964 2660 ex
982 2617 1072 2660 eausa
1084 2598 1201 2661 Romae

245 2719 410 2780 1flquoque
424 2698 497 2759 sella
519 2697 694 2760 uehebatur.
737 2703 843 2776 repeto
863 2716 912 2757 me
925 2703 1097 2776 eorreptum
1109 2695 1200 2758 abeo

290 2814 344 2855 our
369 2792 573 2853 ambularem:
605 2788 760 2871 ‘poteras‘
788 2789 889 2869 inquit
918 2789 989 2850 ‘bas
1021 2787 1110 2850 horas
1138 2808 1200 2850 non

291 2889 415 2971 perdere
425 2888 450 2963 ';
471 2910 539 2948 nam
555 2888 652 2968 perire
662 2906 752 2948 omne
766 2897 886 2967 tempus
899 2884 1104 2948 arbitrabatur
1117 2885 1199 2966 quod
1213 2899 1245 2956 ις

245 2997 279 3056 17
291 2988 399 3049 studiis
412 3007 469 3047 non
485 2986 699 3066 impertiretur.
736 2985 791 3045 hac
803 2985 971 3046 intentione
982 2993 1030 3044 tot
1043 2983 1103 3043 ista
1117 2981 1201 3045 uolu-

291 3086 372 3145 mina
407 3085 523 3164 peregit
558 3083 781 3162 electorumque
814 3083 1043 3144 commentarios
1076 3091 1199 3144 eentum

290 3183 447 3263 sexaginta
475 3181 548 3241 mihi
571 3179 703 3258 reliquit,
732 3180 983 3262 opisthographos
1016 3180 1140 3259 quidem
1167 3189 1200 3242 ot

291 3414 324 3462 21
343 3411 440 3460 studiis
457 3408 586 3459 Collorius
602 3408 685 3458 studii
703 3409 777 3459 codd.
813 3409 846 3459 ut
866 3409 1040 3474 inpertioetur
1055 3412 1135 3475 (·par·
1153 3412 1199 3469 ou>

292 3499 381 3544 Brona
393 3493 436 3555 (rs.
449 3492 503 3542 ΙΙΙ.
519 3496 554 3541 15.
569 3496 582 3540 1
593 3509 600 3543 ι
619 3490 666 3539 11⁷.
681 3494 721 3540 23.
736 3495 763 3549 ,2)
776 3491 965 3556 inpenderetur
976 3496 1024 3540 HV
