2950 4175
320 376 374 433 aa
394 377 443 436 (11.
455 345 500 436 ra
572 376 769 428 semiss
791 375 985 428 souuerse.
1201 380 1234 429 aa

323 519 404 581 Mari
422 520 524 593 Prisci,
541 521 593 597 qui
613 521 779 599 permixtus
797 542 904 582 causae
922 523 1058 603 grauiter
1076 524 1233 583 uehemen-

325 627 430 697 terque
455 626 584 678 uexatus
608 627 661 676 est.
705 639 775 677 nam
797 629 829 678 et
849 620 1016 680 rationibus
1036 620 1181 680 Marciani
1201 635 1232 680 ct

326 736 460 776 sermone
481 735 571 792 quem
593 714 642 774 ille
664 715 811 776 habuerat
830 719 862 777 in
880 717 985 778 ordine
1000 718 1231 797 Leptitanorum

327 832 445 891 operam
473 832 558 872 suam
586 811 687 871 Prisco
718 812 758 872 ad
791 814 999 893 turpissimum
1031 815 1231 875 ministerium

305 909 534 979 §commodasse
550 908 772 987 stipulatusque
786 909 824 970 de
840 910 995 970 Marciano
1010 912 1231 991 quinquaginta

326 1007 406 1066 milia
419 1006 611 1066 denariorum
626 1006 818 1084 probabatur,
834 1007 899 1085 ipse
914 1017 1071 1086 praeterea
1084 1010 1230 1088 accepisse

326 1103 462 1162 sestertia
495 1100 599 1162 decem
634 1103 724 1175 milia,
762 1103 936 1164 foedissimo
971 1104 1094 1180 quidem
1129 1105 1228 1178 titulo,

328 1201 462 1260 ‘nominc
491 1199 703 1280 unguentarii,’
737 1201 789 1278 qui
824 1201 933 1260 titulus
961 1221 979 1259 a
1008 1202 1074 1261 uita
1097 1202 1230 1262 'hominis

325 1298 435 1377 compti
454 1317 572 1376 semper
590 1306 622 1356 et
638 1297 783 1376 pumicati
803 1318 863 1357 non
883 1298 1073 1358 abhorrebat.
1118 1301 1231 1379 placuit
1244 1301 1276 1357 24

288 1416 314 1454 ιο
325 1404 463 1455 censente
486 1393 621 1455 Cornuto
636 1394 739 1454 referri
754 1393 792 1454 de
807 1415 842 1454 co
857 1395 996 1473 proximo
1011 1407 1134 1456 senatu:
1158 1407 1230 1457 tuno

325 1492 411 1564 enim,
427 1511 497 1551 casn
511 1512 549 1551 au
565 1492 753 1564 conscientia,
771 1492 898 1551 aluerat.

365 1589 466 1648 Habes
483 1609 530 1648 res
548 1589 694 1663 urbanas3
715 1588 747 1647 in
764 1589 861 1648 uicem
876 1589 1003 1649 rusticas
1022 1591 1134 1650 scribe:
1157 1591 1228 1668 quid
1243 1595 1275 1651 25

323 1687 496 1746 arbusculae
511 1697 589 1759 tuae,
605 1685 679 1764 quid
693 1687 807 1759 uineae,
820 1685 894 1764 quid
909 1697 1026 1766 segetes
1040 1698 1143 1766 agunt,
1157 1689 1228 1765 quid

324 1806 393 1846 oues
415 1784 665 1844 delicatissimae?
705 1786 736 1844 in
759 1806 885 1857 summa,
907 1786 964 1844 uisi
990 1806 1085 1863 aequo
1109 1786 1228 1864 longam
1321 1793 1324 1802 ⁴

285 1902 311 1953 ις
323 1882 481 1963 epistulam
502 1882 611 1955 reddis,
636 1903 694 1942 uon
718 1892 765 1942 est
793 1883 875 1961 quod
904 1892 1009 1963 postea
1038 1883 1094 1942 nisi
1121 1884 1230 1942 breuis-

322 1981 428 2042 simam
441 1990 602 2060 exspectes.
647 1979 721 2040 uale.

669 2274 720 2330 aa
744 2258 802 2336 m.
826 2276 877 2336 η.)
901 2285 946 2319 --ην

516 2408 545 2460 o.
567 2406 713 2457 ruimus
731 2371 901 2456 samaro
919 2405 988 2458 svo
1006 2407 1032 2459 s.

362 2542 538 2621 Λιτοῦργιον
556 2540 631 2600 illud
649 2539 731 2618 quod
750 2560 904 2620 superesse
921 2540 999 2600 Mari
1015 2540 1108 2601 Prisci
1124 2561 1228 2602 causac
1259 2544 1273 2599 l

282 2642 457 2722 aopmxime
489 2639 671 2719 scripseram,
702 2637 801 2698 nescio
835 2658 874 2698 an
907 2639 988 2711 satis,
1022 2639 1228 2700 circumcisum

323 2749 422 2799 tamon
438 2749 469 2797 ct
483 2737 622 2796 adrasum
637 2746 690 2795 cst.
721 2734 873 2795 Firminus
888 2735 1030 2795 inductus
1046 2736 1075 2795 iu
1091 2747 1227 2795 serratum
1258 2737 1275 2791 2

322 2836 477 2916 rospuulit
498 2835 614 2895 crimini
639 2846 718 2893 noto.
764 2846 884 2893 secutae
910 2845 982 2893 sunt
1007 2833 1143 2893 diuersae
1167 2855 1229 2891 scn-

322 2935 436 2994 tcntiac
457 2932 611 2991 consulum
634 2931 879 3012 designatorum:
902 2930 1056 2991 Commtus
1077 2931 1229 2989 Tertullus

321 3034 437 3092 consuit
449 3032 553 3090 ordino
568 3030 759 3103 mouendum,
771 3030 899 3089 Acutius
912 3028 1055 3089 Neruam
1072 3030 1229 3088 sortitione

321 3212 337 3263 7
354 3210 505 3260 sestertium
518 3208 659 3258 anmaea
695 3210 720 3259 ll
741 3224 802 3257 casu
815 3209 945 3257 incertum
958 3224 991 3257 an
1004 3212 1056 3257 l'ou

356 3300 395 3340 18
422 3294 450 3340 lu
471 3293 647 3340 Al'l'OTl'lON
661 3296 680 3340 F
694 3292 891 3339 Alnutl‘llox
909 3295 962 3340 MV.
982 3308 1030 3337 om.
1049 3291 1074 3337 in
1089 3287 1165 3336 laland·
1179 3288 1230 3346 (bul

319 3376 386 3423 later
398 3375 422 3423 h.
434 3378 574 3435 ατούργιον,
588 3374 643 3421 arrd
656 3390 727 3435 :qum
745 3373 790 3434 lest
798 3374 848 3435 sor
861 3371 948 3419 rniliul
962 3375 982 3419 A
998 3377 1024 3430 ο)
1036 3384 1070 3421 ou
1084 3374 1231 3432 λειτούργιον

320 3471 338 3506 ι
369 3458 398 3505 21
419 3455 542 3503 adrasum
555 3460 636 3504 MVoa
646 3454 769 3503 abrasum
780 3458 818 3503 Pu

768 3548 786 3585 0
