2950 4175
310 374 328 421 4
521 367 550 419 0.
571 366 672 418 PLINI
688 366 834 419 casum
849 364 1010 419 saevum
1096 366 1129 423 8.
1146 364 1181 429 (Ι.
1191 366 1219 428 8)

312 516 427 575 tientur
439 536 447 587 ;
468 513 523 573 hoc
545 532 699 590 nunquam
724 521 812 573 tuum
835 512 955 573 desinet
979 532 1053 587 esse,
1074 513 1101 573 si
1125 511 1217 575 semel

282 626 298 681 5
311 613 451 692 eoeperit.
495 611 556 670 scio
569 629 659 688 quern
673 610 817 683 animum,
835 610 917 689 quod
931 610 1037 671 horter
1050 611 1216 692 ingenium.

312 724 346 770 tu
361 709 449 769 modo
464 708 579 768 enitere
594 717 629 766 ut
643 707 699 767 tibi
713 708 777 786 ipse
796 707 836 766 sis
850 708 930 767 tanti
944 708 1052 785 quanti
1065 708 1218 769 uidebaris

310 808 384 879 aliis,
401 807 425 866 si
440 805 496 865 tibi
511 805 612 864 lucris.
656 804 731 863 uals.

675 1044 715 1119 ‘a
749 1061 783 1123 n
801 1064 839 1125 a.)
1247 1085 1259 1139 ς

423 1187 452 1239 c.
473 1186 620 1238 rrrrrvs
638 1185 798 1238 vecemo
814 1185 971 1238 aesino
986 1184 1055 1239 svo
1071 1187 1098 1239 s

281 1305 296 1360 1
351 1298 502 1360 Vidistine
543 1318 725 1378 quemquam
767 1297 810 1358 M.
863 1298 981 1379 Regulo
1022 1298 1214 1375 timidiorem,

310 1396 499 1457 humiliorem
524 1406 593 1476 post
616 1396 783 1457 Domitiani
807 1397 957 1456 morteml
986 1396 1042 1457 sub
1066 1416 1128 1475 quo
1155 1417 1216 1459 non

310 1496 426 1554 minora
449 1494 565 1574 flagitia
588 1494 780 1554 commiserat
800 1513 891 1572 quam
918 1492 976 1553 sub
1003 1492 1133 1567 Nerone,
1161 1494 1217 1556 aed

311 1591 444 1650 tectiore.
500 1591 600 1670 coepit
621 1590 718 1650 uereri
738 1610 777 1650 ne
798 1590 855 1649 sibi
876 1590 1019 1651 irascerer
1030 1611 1038 1664 3
1058 1610 1113 1651 nec
1133 1591 1217 1652 lelle-
1232 1609 1259 1647 rc

216 1760 218 1768 Ι
281 1693 297 1748 2
310 1689 407 1761 batur,
423 1688 579 1748 irascebar.
634 1687 750 1747 Rustici
766 1688 892 1747 Aruleni
907 1688 1071 1767 periculum
1087 1689 1214 1763 leucrat,

273 1776 289 1832 ‚⁸
310 1786 501 1846 exultauerat
525 1795 630 1858 morte,
654 1785 730 1845 adeo
756 1794 792 1845 ut
814 1785 923 1845 librum
951 1785 1093 1847 recitaret
1119 1786 1217 1867 publi·

309 1892 458 1961 caretque,
485 1883 518 1942 in
542 1902 603 1960 quo
631 1882 789 1942 Rusticum
813 1883 980 1943 insectatur
1002 1892 1094 1962 atque
1122 1884 1216 1945 etiam

311 1982 500 2043 ‘Stoicorum
536 1979 669 2039 simiam'
713 1979 864 2060 appellat3
905 1980 999 2041 adicit
1035 1979 1217 2041 ‘Vitellians

280 2080 445 2141 3eicatrice
470 2076 666 2159 atigmomm!
706 2077 842 2159 agnoscis
864 2077 1067 2157 elequentiam
1094 2078 1259 2161 Reguli.15

310 2179 422 2239 lacerat
446 2177 633 2238 Herennium
662 2175 863 2249 Senecionem,
890 2185 953 2235 tam
978 2176 1216 2257 intemperanter

309 2275 432 2354 quidem
454 2283 489 2334 ut
510 2274 625 2334 dixerit
645 2274 672 2333 ei
694 2273 822 2333 Mettius
844 2271 939 2334 Gerus
962 2273 1053 2352 ‘quid
1074 2274 1131 2334 tibi
1145 2294 1215 2335 cum

310 2374 384 2433 meis
398 2373 545 2433 mortuisl
564 2371 711 2450 numquid
727 2391 783 2451 ego
797 2379 851 2430 aut
866 2369 974 2432 Crasso
987 2381 1042 2431 aut
1056 2370 1216 2433 Camerino

310 2472 454 2533 molestus
481 2468 578 2529 suml’
608 2490 683 2548 quos
710 2469 761 2529 ille
786 2469 841 2529 sub
864 2468 985 2530 Nerone
1012 2479 1214 2531 accusauerat.

281 2570 383 2629 lhaec
406 2588 454 2627 me
476 2566 610 2647 Regulus
630 2565 769 2627 dolenter
790 2566 893 2627 tulisse
914 2566 1063 2642 credebat,
1086 2567 1216 2648 ideoque
1230 2591 1259 2628 ee

310 2668 401 2728 etiam
416 2686 483 2726 eum
498 2666 639 2726 recitaret
653 2666 771 2737 librum,
788 2685 847 2725 non
861 2665 1050 2726 adhibuerat.

350 2766 510 2825 Praeterea
536 2763 782 2823 reminiscebatur
806 2783 896 2841 quam
924 2763 1094 2843 capitaliter
1116 2765 1214 2844 ipsum

281 2871 298 2926 5
310 2883 358 2922 mc
367 2862 446 2941 apud
458 2862 662 2921 centumuiros
674 2861 847 2920 lacessisset.
890 2860 1011 2921 ederam
1023 2862 1213 2934 Arrionillae,

311 2960 445 3020 Timonis
473 2960 568 3030 uxori,
605 2968 712 3038 rogatu
749 2957 874 3017 Aruleni
910 2958 1047 3031 Rustici3
1082 2959 1216 3040 Regulus

316 3125 323 3171 l
345 3136 485 3185 numquam
541 3120 657 3184 eoeperit
673 3124 728 3168 Bra
745 3135 885 3184 numquam
903 3118 1007 3169 desinet
1023 3135 1079 3169 esse
1095 3121 1118 3170 si
1135 3120 1216 3171 semel
1255 3114 1259 3120 ’

312 3203 428 3267 coeperit
438 3203 549 3265 (ceperit
562 3206 593 3259 V)
609 3206 685 3251 tuum
700 3205 747 3250 HV
764 3217 905 3266 numquam
919 3207 996 3251 tuum
1009 3200 1113 3251 desinet
1125 3217 1182 3252 csse
1192 3203 1216 3252 si

312 3284 390 3334 semel
402 3285 518 3349 coeperit
530 3284 640 3347 (ceperit
650 3287 679 3344 u)
691 3300 747 3332 esse
758 3296 792 3332 cu

345 3374 364 3414 4
395 3368 423 3416 18
446 3383 494 3430 ege
512 3372 560 3415 aut
579 3382 665 3415 crasso
685 3370 774 3415 Bt'oua
793 3380 841 3426 ego
861 3379 949 3414 crasso
967 3368 1015 3414 lv
1053 3366 1087 3415 ‘20
1106 3365 1216 3431 ideoque

313 3453 401 3499 Bi’oua
418 3464 500 3511 eoque
517 3452 565 3495 MV
602 3449 636 3496 ⁴22
659 3448 800 3511 meipsum
818 3451 870 3495 Fon
