2950 4175
290 382 342 438 13.
358 383 391 444 (L
402 383 447 443 20)
538 379 740 434 EPISTVLAE
761 379 953 432 suman
1168 379 1200 428 21

330 527 453 586 Adsunt
475 525 545 585 huie
566 525 702 604 opinioni
722 545 807 585 meae
824 523 915 606 leges,
930 545 1009 604 quae
1027 524 1202 605 longissima
1213 530 1246 585 11

293 632 425 701 tempora
454 622 628 702 largiuntur
656 643 710 682 nee
735 621 920 683 breuitatem
947 621 1120 683 dicentibus
1146 620 1200 681 sed

291 720 412 797 mpiam,
428 721 484 780 hoe
499 729 545 779 est
558 718 757 800 diligentiam,
771 721 920 794 suadent;
940 741 1033 798 quam
1046 730 1199 799 praestare

291 816 344 875 nisi
358 817 391 875 in
405 816 626 896 angustissimis
640 818 737 876 causis
756 838 817 878 non
835 830 937 897 potest-
954 817 1099 878 breuitas.
1148 815 1200 875 ad·
1210 819 1245 874 12

242 920 272 972 5
290 913 374 973 iciam
409 914 492 992 quod
526 933 574 973 me
608 913 712 974 doeuit
747 936 828 987 usus,
868 917 1015 996 magister
1048 915 1195 995 egregium

289 1012 463 1090 frequenter
476 1011 532 1092 egi,
548 1011 723 1090 frequenter
740 1013 880 1085 iudienui,
895 1013 1072 1091 frequenter
1084 1013 1117 1072 in
1130 1031 1198 1072 een·

290 1109 352 1170 silio
366 1109 431 1169 fui:
453 1108 537 1169 aliud
549 1109 625 1169 alios
639 1120 750 1182 moret,
765 1131 801 1170 ae
817 1109 996 1189 plerumque
1017 1131 1129 1190 pamiae
1149 1129 1197 1169 res

289 1208 433 1267 maximas
444 1207 579 1268 trahunt.
615 1209 700 1267 uaria
713 1218 786 1267 sunt
796 1209 953 1268 hominum
963 1208 1082 1282 iudicia,
1095 1209 1196 1269 uariae

289 1305 477 1365 uoluntates:
491 1305 562 1365 inde
575 1305 628 1383 qui
642 1305 771 1365 eandem
783 1325 905 1366 causam
918 1305 1008 1365 simul
1022 1306 1193 1377 audierunt,

236 1403 279 1451 ¹0
288 1422 374 1482 saepe
407 1401 570 1476 diuersum,
599 1403 754 1463 interdum
787 1402 877 1475 idem,
906 1403 960 1462 sed
994 1424 1033 1463 ex
1066 1403 1196 1464 diuersis

287 1499 377 1559 animi
413 1499 546 1560 motibus
578 1501 722 1560 sentiunt.
776 1509 934 1580 praeterea
964 1520 1037 1560 suae
1067 1502 1194 1579 quisque
1207 1509 1241 1565 13

287 1597 454 1659 inuentioni
477 1597 561 1658 lauet
585 1609 617 1658 et
640 1598 727 1676 quasi
751 1598 949 1657 fortissimum
973 1597 1193 1677 eompleetitur‚

287 1712 352 1751 eum
368 1691 408 1752 ab
425 1691 485 1751 alio
503 1691 618 1752 dietum
640 1704 686 1751 est
707 1691 790 1770 quod
808 1692 871 1770 ipse
893 1690 1052 1770 praeuidit.
1102 1692 1195 1750 omni-

286 1788 340 1850 bus
364 1810 438 1871 ergo
461 1788 595 1849 dandum
622 1800 669 1850 est
696 1789 814 1868 aliquid
840 1789 922 1868 quod
949 1797 1083 1863 teneant,
1112 1789 1194 1868 qnod

252 1898 276 1952 ¹5
286 1896 455 1968 agnoscant.

323 1985 413 2052 Dixit
439 1984 602 2063 aliquando
629 1984 703 2044 mihi
731 1983 876 2064 Regulus,
901 2004 970 2044 eum
998 1983 1088 2043 simul
1111 1981 1193 2043 ades
1206 1987 1239 2042 14

285 2104 390 2157 semus,
409 2091 461 2143 ‘tu
470 2083 570 2144 omnia
579 2103 657 2162 quae
666 2092 738 2143 sunt
749 2082 780 2141 in
790 2103 879 2143 eausa
890 2094 980 2161 putas
991 2081 1191 2160 exsequenda,

284 2201 338 2262 ego
351 2181 492 2262 iugulum
505 2181 609 2241 statim
624 2180 721 2253 uideo,
738 2181 819 2240 hune
833 2179 973 2259 premo':
995 2180 1108 2260 premit
1120 2200 1192 2241 sane

282 2279 362 2356 quod
388 2278 483 2359 eligit,
508 2278 561 2337 sed
585 2278 617 2337 in
645 2276 785 2359 eligendo
808 2277 985 2355 frequenter
1008 2287 1098 2338 errat.
1149 2298 1191 2338 re
1205 2284 1238 2339 15

248 2385 273 2423 20
282 2375 389 2455 spondi
404 2395 491 2455 posse
505 2375 568 2435 fieri
583 2386 619 2435 ut
632 2396 712 2457 genu
724 2385 804 2435 esset
817 2385 871 2434 aut
886 2374 974 2446 talus,
987 2375 1038 2436 ubi
1053 2375 1191 2457 iugulum

282 2484 421 2553 putaret:
445 2480 495 2533 ‘at
517 2472 592 2554 ego'
616 2474 740 2552 inquam
771 2473 838 2551 ‘qui
863 2472 1000 2553 iugulum
1023 2474 1191 2555 perspicere

281 2592 340 2632 non
383 2591 513 2651 possum,
549 2571 649 2631 omnia
690 2582 869 2650 pertempto,
906 2571 1008 2630 omnia
1041 2573 1188 2652 experior,

281 2668 376 2727 πάντα
390 2668 521 2747 denique
537 2667 623 2726 λίθον
638 2666 714 2741 κινῶ,
733 2679 827 2747 utque
848 2668 879 2727 in
901 2668 1022 2728 cultura
1041 2670 1107 2750 agri
1129 2691 1189 2730 neu
1202 2672 1236 2730 16

282 2766 385 2827 uineas
413 2775 533 2825 tantum
563 2786 667 2826 uerum
696 2766 789 2825 etiam
816 2765 949 2836 arbusta,
980 2785 1034 2825 nee
1065 2766 1189 2827 arbusta

240 2873 269 2926 ²⁵
281 2874 401 2924 tautum
417 2884 522 2923 uerum
534 2863 624 2934 etiam
639 2883 760 2941 campos
770 2883 842 2923 euro
856 2873 888 2922 et
902 2883 1035 2934 exerte),
1049 2874 1142 2941 utque
1156 2864 1186 2922 in

281 2962 351 3042 ipsis
365 2963 479 3041 eampis
494 2983 552 3022 nou
563 2962 610 3022 iar
623 2972 677 3021 aut
691 2961 840 3041 siliginem
855 2960 949 3021 selam
964 2961 1017 3023 sed
1031 2962 1186 3035 hordeum,

279 3060 381 3120 iaham
401 3070 560 3138 ceteraque
582 3060 734 3139 legumina
755 3080 829 3129 sei-0,
849 3060 890 3119 sie
914 3060 945 3118 in
959 3060 1078 3120 actione
1099 3060 1186 3140 plura

281 3223 310 3270 1⁴2
326 3220 514 3286 complectitur
530 3225 619 3272 Brona
635 3220 807 3285 amplectitur
820 3225 868 3269 HV
903 3222 933 3270 19
949 3220 1026 3286 eligit
1038 3224 1094 3271 Bra
1106 3222 1186 3287 elegit

278 3307 358 3355 lvou
391 3304 426 3353 w
441 3320 510 3368 genu
526 3312 596 3353 esset
611 3311 660 3352 aut
678 3304 748 3353 tulus
764 3303 864 3354 Hvofa
875 3304 1009 3367 genuisset
1024 3310 1072 3353 aut
1086 3304 1187 3355 saluas

277 3386 413 3450 genuinam
425 3391 475 3435 aut
486 3384 537 3436 sibi
551 3393 599 3435 aut
609 3385 780 3450 aliisrgenu
792 3393 862 3435 esset
877 3391 927 3435 aut
940 3385 1008 3440 tibia
1022 3394 1070 3435 aut
1084 3387 1155 3437 talus
1168 3402 1186 3437 u

278 3466 322 3516 nbi
335 3465 380 3517 ille
391 3466 510 3533 iugulum
521 3471 577 3527 lv,
590 3482 639 3517 ona.
654 3471 745 3517 Brona
