2950 4175
295 375 342 426 ies
488 374 517 426 0.
537 371 639 425 PLINI
656 372 800 426 cnseret
817 322 975 425 suevum
1011 372 1064 429 67.
1081 372 1141 435 (lx.
1148 372 1196 439 Β)

625 596 695 691 ”bn
730 636 788 696 nx.
802 637 856 697 en)

499 762 528 815 c.
550 762 695 816 rnnuvs
713 763 864 817 nnxrno
880 762 948 816 svo
965 762 990 816 s.

266 900 282 958 1
335 895 523 972 Frequenter
542 893 645 975 egenti
666 893 739 953 mihi
760 896 863 955 euenit
877 904 913 956 nt
925 892 1113 966 centumuiri,
1128 912 1199 954 cum

295 994 349 1055 diu
376 1012 408 1053 se
435 992 516 1052 intre
549 991 683 1053 iudicum
716 992 927 1053 auctoritatem
956 989 1198 1072 grauitatemque

296 1090 471 1163 tenuissent,
491 1109 593 1150 omnes
614 1098 738 1170 repente
759 1090 844 1168 qussi
865 1089 938 1151 uicti
957 1086 1112 1166 mentique
1131 1103 1228 1161 eon-5

266 1196 284 1252 2
296 1195 455 1271 surgerent
475 1187 711 1267 laudarentqne3
731 1186 905 1267 frequenter
919 1206 935 1247 e
949 1191 1055 1247 senatu
1076 1183 1197 1259 ionium,

296 1287 416 1367 qualem
436 1286 565 1346 maxime
586 1293 769 1366 optauernm,
784 1284 908 1361 rettuli3
929 1303 1082 1363 nunquam
1096 1291 1200 1345 temen

296 1385 439 1446 maiorem
461 1385 526 1464 cepi
551 1383 748 1464 uoluptatem,
770 1402 861 1462 quem
883 1401 979 1463 nuper
1001 1401 1040 1442 ex
1061 1400 1200 1442 sermone

297 1482 418 1545 Corneli
443 1481 547 1542 Taciti.
591 1481 733 1542 narrabat
760 1481 871 1542 sedisse
894 1499 994 1541 secum
1016 1478 1245 1541 circensibus.⁴

296 1580 441 1662 proximis
455 1579 587 1658 equitem
601 1578 786 1639 Romanum:
808 1578 888 1638 hunc
908 1586 977 1658 post
989 1578 1087 1639 unrios
1101 1574 1201 1639 erudi·
1215 1596 1248 1639 ro

297 1686 403 1757 tosque
415 1696 565 1737 sermones
576 1677 734 1754 requisisse
745 1674 880 1736 ‘Itelicus
894 1695 925 1736 es
935 1696 974 1736 en
984 1672 1200 1754 prouincialisi'

267 1787 329 1844 sse
342 1774 530 1855 respondisse
546 1774 641 1834 ‘nosti
662 1793 717 1847 mc,
738 1780 771 1835 et
791 1773 912 1852 quidem
933 1794 971 1835 ex
991 1772 1118 1835 studiis’
1158 1773 1199 1835 sd

297 1875 354 1935 hoc
374 1872 467 1945 illnm,
489 1870 627 1931 ‘Tacitus
648 1891 680 1932 es
700 1892 738 1931 en
760 1871 911 1933 Pliniusl'
951 1872 1117 1953 exprimere
1137 1891 1198 1933 non

223 1964 237 2039 l
297 1991 417 2053 pomum
431 1989 521 2049 quem
535 1968 576 2028 sit
589 1967 754 2030 ineundum
768 1969 842 2030 mihi
856 1970 937 2049 quod
951 1971 1072 2031 nomine
1086 1978 1197 2045 nostre,

297 2070 382 2151 quesi
404 2069 575 2129 litterarum
594 2066 723 2148 proprie,
745 2088 805 2129 non
826 2068 988 2141 hominnm,
1007 2067 1116 2130 litteris
1134 2067 1245 2143 red-15

296 2169 420 2242 duntur,
442 2165 525 2246 quod
545 2173 672 2245 uterque
693 2175 831 2228 nostrum
852 2166 899 2227 his
920 2168 1011 2228 etiem
1031 2186 1070 2228 ex
1089 2166 1200 2229 studiis

213 2282 251 2361 L
297 2274 388 2328 notus
401 2265 511 2345 quibus
524 2263 612 2325 eliter
625 2264 749 2346 ignotus
762 2272 818 2327 est.

268 2379 284 2433 4
338 2364 458 2425 Accidit
471 2361 555 2424 eliud
564 2371 635 2423 ente
646 2362 789 2443 pauculos
799 2362 977 2424 diessimile.
1007 2362 1200 2424 recumbebat

297 2482 415 2524 meeum
429 2462 477 2522 uir
486 2460 633 2543 egregius,
644 2459 757 2523 Fadius
771 2461 906 2536 Rufinus,
919 2481 1008 2541 snper
1021 2482 1090 2522 eum
1104 2460 1200 2522 muni·

298 2581 367 2642 ceps
381 2560 482 2641 ipsius,
494 2559 545 2638 qui
561 2558 613 2620 illo
626 2558 676 2620 die
690 2561 819 2640 primum
835 2568 959 2620 uenerat
972 2560 1003 2619 in
1014 2558 1137 2633 urbem3
1150 2559 1199 2620 cui
1212 2581 1244 2619 eo

299 2659 434 2733 Rufinus,
444 2658 653 2719 demonstrans
663 2656 835 2729 mq‘uides
845 2655 957 2717 huncl’
984 2656 1080 2716 multe
1088 2655 1199 2718 deinde

298 2757 337 2817 dc
351 2756 460 2817 studiis
474 2755 601 2815 nostris:
622 2763 655 2816 et
668 2754 719 2815 ille
735 2760 744 2788 ‘
752 2754 867 2815 Plinius
881 2754 943 2816 est’
956 2754 1062 2833 inquit.

269 2871 286 2926 5
340 2854 452 2915 Verum
468 2854 592 2917 fatebor.
605 2852 690 2931 cupio
704 2872 845 2933 magnum
861 2853 970 2912 laboris
984 2854 1040 2912 rnci
1056 2853 1197 2912 fructum.

299 2974 346 3024 an,
362 2953 386 3011 si
402 2950 619 3011 Demosthenes
640 2950 705 3011 iure
720 2950 848 3010 laetatus
862 2962 909 3011 est
924 2950 1004 3030 qnod
1025 2950 1108 3010 illuns
1123 2970 1199 3010 erius

333 3138 372 3179 ⁶¹7
396 3132 413 3179 4
435 3127 551 3178 iudicum
572 3127 714 3177 emnium
733 3128 859 3179 iudicium
878 3133 956 3180 Heus
998 3127 1153 3180 enimbat

301 3213 448 3263 Romanum
476 3213 534 3271 (orn.
559 3225 647 3259 seeum
674 3214 718 3269 ou)
752 3224 804 3261 oue
832 3211 955 3261 nermbnt
983 3211 1084 3261 'sedisse
1110 3227 1198 3261 scersm

299 3294 412 3360 qrsmlnm
430 3291 589 3342 circensibus
605 3292 731 3356 proximis
743 3298 769 3341 H
812 3294 840 3345 17
858 3294 935 3342 aliter
950 3307 967 3342 e
984 3293 1051 3342 alter
1065 3298 1126 3343 Heu
1169 3294 1199 3342 lu

301 3378 388 3427 ludius
398 3380 424 3426 Μ
437 3375 514 3424 fillius
525 3388 542 3423 e
554 3373 640 3423 falsius
653 3387 688 3423 on
700 3375 742 3437 (cs.
757 3374 785 3424 C.
801 3374 897 3423 Fnbins
913 3374 1022 3424 Rufinus
1038 3374 1154 3425 Lucillus
1170 3375 1198 3424 in

302 3460 369 3510 [isui.
386 3459 430 3508 nn.
445 3457 524 3508 Arrii.
540 3459 610 3515 1370,
621 3472 648 3519 1¹·
662 3458 705 3517 45)
