2950 4175
329 332 473 426 earm
487 367 531 425 eo
581 365 777 415 mrsrvena
795 365 985 417 suaseras
1188 370 1233 419 roa

328 529 427 584 sexus,
439 510 540 569 laxare
554 511 686 568 animum
701 509 768 568 lusu
782 510 970 584 calculorum,
987 511 1082 571 solere
1097 524 1232 588 spectare

328 608 528 684 pantomimos
542 627 610 666 suos
621 628 628 677 3
649 607 699 665 sed
716 627 782 665 eum
804 608 919 668 lactura
941 617 1020 669 esset
1040 609 1229 680 alterutrum,

328 723 445 782 semper
459 724 491 764 se
506 705 607 782 nepoti
624 723 678 762 suo
697 706 888 782 praecepisse,
904 707 1003 767 abiret
1017 706 1232 783 studeretque3

327 800 409 878 quod
443 801 518 860 mihi
554 820 612 859 non
646 821 746 860 amore
780 803 843 862 eius
878 805 974 883 magis
1009 804 1105 865 facere
1140 823 1229 882 quam

300 913 314 965 5
327 899 496 959 reuerentia
510 898 675 958 uidebatur.

367 997 533 1068 Miraberis,
560 1004 590 1055 ct
618 1017 672 1075 ego
697 995 820 1056 miratus
848 1017 933 1056 sum:
968 999 1114 1076 proximis
1139 999 1260 1057 arcer-6

326 1093 477 1155 dotalibus
491 1093 570 1153 ludis
584 1093 736 1172 productis
751 1095 781 1152 in
799 1096 1006 1155 commissione
1026 1096 1228 1174 pantomimis,

326 1211 395 1252 cum
408 1191 497 1252 simul
511 1191 630 1251 theatro
644 1211 700 1270 ego
714 1203 746 1250 et
765 1190 936 1264 Quadratus
950 1194 1171 1271 egrederemur,
1186 1194 1230 1253 ait

326 1288 400 1348 mihi
416 1289 488 1349 ‘seis
503 1309 550 1349 me
570 1289 657 1348 hodie
678 1289 807 1366 primum
829 1288 939 1349 uidisse
961 1289 1122 1350 saltantem
1144 1293 1230 1351 auiae

283 1404 313 1442 ιο
325 1406 409 1446 meae
430 1385 607 1446 libertuml’
649 1386 702 1446 hoc
723 1405 822 1463 nepos.
864 1395 898 1445 at
915 1385 1036 1447 hercule
1055 1388 1260 1448 alienissimi?

325 1481 460 1543 homines
478 1484 510 1542 in
531 1484 671 1544 honorem
694 1482 897 1557 Quadratillae
919 1484 1028 1562 (pudet
1049 1506 1096 1546 me
1118 1486 1229 1546 dixisse

325 1580 481 1661 honorem)
523 1602 576 1660 per
615 1581 795 1641 adulationis
837 1581 966 1641 officium
1008 1583 1039 1641 in
1075 1583 1229 1643 theatrum

323 1680 517 1749 cursitabant,
539 1662 737 1751 exsultabant,
761 1678 952 1757 plaudebant,
976 1680 1172 1752 mirabantur,
1195 1701 1229 1740 ec

322 1775 433 1836 deinde
479 1776 611 1855 singulos
655 1786 756 1856 gestus
803 1775 943 1835 dominae
991 1796 1059 1835 curn
1105 1778 1229 1837 canticis

279 1888 310 1940 15
323 1873 508 1948 reddebant;
541 1875 593 1953 qui
619 1895 696 1934 nune
722 1874 912 1953 exiguissima
937 1873 1046 1952 legata,
1072 1874 1229 1935 theatralis

321 1990 430 2050 operae
460 1971 655 2044 corollarium,
684 1970 830 2050 accipient
860 1971 898 2030 ab
930 1970 1050 2045 herede,
1084 1974 1136 2052 qui
1167 1992 1228 2033 non

321 2069 484 2150 spectabat.

363 2166 453 2239 Haec,
473 2167 544 2245 quia
562 2166 646 2239 soles,
665 2168 689 2227 si
709 2166 782 2245 quid
803 2165 909 2227 incidit
930 2168 1011 2240 noui,
1030 2186 1090 2228 non
1113 2170 1257 2230 inuitust

321 2263 443 2337 audire,
462 2264 578 2336 deinde,
592 2266 662 2343 quia
672 2265 835 2324 ineundum
846 2272 893 2325 est
908 2265 982 2324 mihi
998 2266 1079 2344 quod
1091 2287 1227 2345 ceperam

275 2381 309 2418 ω
321 2361 463 2440 gaudium
483 2362 639 2422 scribendo
661 2373 828 2422 retractare.
870 2363 990 2442 gaudeo
1011 2365 1092 2424 enim
1114 2366 1227 2443 pietate

320 2458 488 2531 defunctae,
505 2459 617 2519 honore
632 2461 736 2540 optimi
756 2461 892 2533 iuuenis,
915 2461 1010 2522 laetor
1032 2464 1124 2523 etiam
1145 2462 1227 2541 qnod

320 2558 428 2619 domus
441 2559 603 2637 aliquando
613 2558 645 2619 Ο.
659 2560 750 2631 Cassi,
763 2560 852 2619 huius
866 2560 918 2638 qui
935 2560 1095 2621 Cassianae
1110 2560 1228 2621 scholae

321 2656 458 2735 princeps
480 2665 511 2717 et
532 2677 639 2736 parens
660 2659 725 2729 init,
748 2657 859 2717 seruiet
878 2657 1004 2719 domino
1025 2680 1085 2720 non
1107 2660 1224 2719 minori.

320 2753 458 2833 implebit
486 2754 565 2814 eninr
599 2755 679 2813 illam
714 2753 884 2829 Quadratus
920 2776 1005 2817 meus
1040 2768 1071 2817 et
1097 2756 1257 2831 denobiae

274 2865 306 2918 25
321 2871 483 2930 rursusque
521 2853 546 2911 ci
587 2854 741 2932 pristinam
781 2851 969 2931 dignitatem,
1011 2854 1225 2926 celebritatem,

319 2949 444 3029 gloriam
473 2950 586 3024 reddet,
616 2970 681 3010 curn
712 2961 814 3009 tantus
842 2960 945 3011 orator
973 2952 1044 3013 inde
1074 2952 1225 3032 procedet,

320 3059 452 3124 quantus
467 3048 540 3107 iuris
555 3047 603 3107 illc
617 3047 779 3108 consultus.
822 3048 896 3108 nale.

324 3228 353 3275 18
375 3226 439 3276 haee
455 3228 518 3291 quia
538 3232 596 3277 Meu
617 3229 680 3277 haec
699 3229 791 3293 scripsi
811 3229 873 3293 quia
892 3242 910 3277 a
930 3228 977 3277 hee
998 3230 1090 3294 scripsi
1112 3230 1225 3294 primum

319 3309 416 3373 qnief
451 3312 480 3359 le
496 3326 614 3374 ceperam
626 3316 669 3360 tta
680 3313 791 3375 ceperim
804 3324 839 3360 ou
