2950 4175
323 369 371 420 112
525 366 554 419 (3.
573 364 673 418 urm
689 364 834 418 cenom
850 364 1008 418 suevum
1023 364 1078 423 Μ.
1090 364 1219 429 (VIM)

320 514 407 575 illum
420 513 518 574 locum
531 510 621 572 diuus
634 511 791 591 Augustus
804 511 885 573 dono
898 509 992 584 dedit
1004 510 1124 591 puhlioe
1135 530 1220 593 pree-

320 612 401 685 bent
417 610 562 691 praebent
575 616 606 670 et
620 608 789 688 hospitium
833 628 889 671 neo
901 609 1012 671 desunt
1023 606 1124 683 milhe,
1140 626 1221 689 que

201 733 204 747 ·
320 718 440 771 eeeutee
453 705 584 767 ilunnnie
598 705 808 767 amoenitatem
822 706 949 787 mergini
962 704 1117 767 ineietunt

289 809 308 869 ‘1
361 806 399 867 In
413 824 536 874 summe,
552 802 626 864 nihil
640 803 698 864 erit
711 822 749 864 ex
763 822 824 883 quo
837 824 898 866 non
911 804 1010 885 oepim
1018 801 1219 883 uoluptetem.

320 923 391 965 nem
405 901 540 963 studebie
553 920 690 980 quoque;
710 900 790 980 leges
801 900 896 962 multe
906 901 1070 963 multorum
1080 898 1221 961 omm‘hue
1249 910 1263 967 5

320 999 474 1072 oolumnie,
496 998 635 1060 omnibus
659 998 823 1077 perietibus
846 998 998 1079 inscripto,
1019 996 1130 1077 quum
1152 994 1222 1061 forre

320 1099 372 1160 ille
395 1098 529 1176 deusque
552 1096 725 1158 celebretur.
782 1096 869 1177 pluro
889 1096 1033 1170 leudebie,
1055 1114 1116 1157 oen
1137 1092 1223 1157 nulle

321 1195 451 1265 ridebie;
492 1213 662 1274 quenquam
682 1204 717 1254 tu
744 1213 825 1268 uero,
854 1214 930 1275 quee
958 1202 1013 1255 tue
1038 1192 1219 1267 humaniter,

321 1293 404 1356 nulle
417 1292 536 1354 ridebis.
578 1292 653 1354 uele.

648 1532 697 1591 58.
734 1533 824 1595 (VIII.
845 1534 897 1595 lt.)
952 1546 973 1555 ·”
1236 1544 1267 1585 ιο

518 1648 546 1701 0.
567 1647 713 1701 PLINIVS
731 1646 902 1700 PATERNO
918 1646 986 1701 SVO
1003 1647 1029 1700 S.

293 1769 309 1826 1
364 1760 566 1824 Confecerunt
579 1779 627 1821 me
641 1759 830 1820 infirmitates
841 1778 983 1832 meorum,
997 1764 1108 1820 mortee
1118 1758 1221 1833 etiem

322 1867 355 1921 et
376 1857 498 1938 quidem
520 1857 669 1918 iuuenum.
714 1856 823 1917 eoleoie
844 1855 906 1917 duo
926 1874 1115 1935 nequequam
1138 1856 1224 1936 perio

323 1963 410 2017 tento
435 1953 539 2027 dolori,
561 1952 669 2015 eoleoie
696 1958 817 2015 temen:
846 1971 940 2014 unum
967 1952 1094 2015 facilites
1120 1972 1222 2015 menu-

323 2051 464 2115 mittendi
474 2073 483 2128 3
511 2050 617 2113 uideor
639 2051 718 2113 enim
742 2071 802 2112 non
822 2051 944 2114 omnino
962 2051 1140 2114 immaturos
1158 2070 1224 2134 per·
1238 2065 1265 2122 ις

323 2149 435 2212 didieee
465 2170 540 2232 quoe
574 2151 632 2211 iem
663 2150 771 2211 liberos
801 2149 937 2231 penlidi:
977 2150 1116 2226 alterum,
1140 2149 1223 2231 quod

324 2247 467 2330 permitto
481 2247 575 2309 seruis
588 2266 707 2327 queque
721 2247 806 2327 queei
817 2254 999 2309 testamento
1012 2247 1116 2323 ieoere,
1127 2266 1223 2329 euque

295 2355 361 2415 2ut
393 2346 528 2428 legitime
561 2345 702 2406 custodio·
760 2345 906 2406 mundent
939 2354 1107 2428 rogentque
1141 2345 1224 2426 quod

325 2445 423 2506 uisum
435 2466 442 2517 ;
459 2464 548 2524 pereo
560 2452 594 2504 ut
602 2446 707 2505 iussus.
740 2443 891 2514 diuidunt,
903 2443 1025 2518 donent,
1038 2444 1221 2523 relinquunt,

324 2542 484 2603 dumtexet
497 2543 577 2602 intre
590 2540 712 2601 domum
726 2566 732 2601 :
754 2562 823 2601 nem
837 2542 931 2602 seruis
946 2561 993 2603 ree
1007 2542 1126 2622 publiea
1136 2561 1224 2621 queo
1236 2555 1269 2593 ²0

295 2638 394 2706 idem
411 2649 442 2701 et
460 2639 545 2718 queei
563 2640 669 2699 ciuitas
689 2639 796 2699 domue
816 2647 870 2700 oet.
913 2638 966 2700 eod
986 2657 1158 2719 quemquem
1176 2637 1224 2699 hie

325 2737 441 2800 eoleciie
460 2736 658 2816 edqnioeoem.
679 2735 822 2796 debilitor
846 2744 877 2797 et
901 2734 1023 2817 frangor
1042 2734 1148 2797 eedem
1172 2734 1225 2796 ille

326 2835 512 2896 humanitate
534 2854 610 2912 quoe
633 2854 679 2893 mo
700 2845 735 2894 ut
758 2833 813 2894 hoo
834 2834 932 2913 ipsum
954 2833 1159 2913 permitterem
1181 2832 1224 2892 in-

324 2934 422 2995 drrxit.

367 3031 434 3092 Non
450 3031 518 3090 ideo
529 3038 628 3089 temen
644 3029 732 3089 nolim
748 3028 852 3089 durior
862 3029 933 3089 fieri.
971 3048 1024 3089 neo
1035 3026 1223 3107 ignoroelioe
1237 3042 1269 3099 ις

326 3130 390 3191 eius
410 3127 492 3188 modi
506 3146 591 3187 orsus
607 3126 679 3186 nihil
694 3125 823 3204 emplius
837 3144 943 3186 uocare
961 3145 1050 3205 quem
1069 3123 1222 3198 domnum,

327 3293 339 3342 l
361 3291 464 3356 publice
481 3288 607 3354 praebent
624 3287 749 3352 pmolnnt
768 3286 911 3352 hospitium
930 3291 956 3335 Ι
975 3284 1079 3351 publico
1095 3284 1224 3351 preehent

325 3380 354 3423 et
365 3371 507 3437 hospitium
519 3385 536 3419 e
568 3374 717 3434 temptese

359 3462 400 3504 ⁸⁸
420 3457 450 3504 lu
463 3452 534 3518 quod
546 3458 571 3502 Ιί
582 3468 640 3502 oum
652 3464 670 3500 e
