2950 4175
327 390 381 446 24.
400 386 461 447 (III.
471 391 498 449 5)
573 393 772 447 EPISTVLAE
794 389 984 448 SELEOTAE.
1199 382 1232 431 53

325 533 526 595 minutissime
550 536 675 614 scriptos
687 563 695 613 ;
723 562 783 619 qua
805 541 921 601 ratione
943 530 1161 610 multiplicatur
1183 525 1231 584 hic

323 649 476 714 numerus.
519 630 668 692 referebat
688 637 750 714 ipse
765 638 898 716 potuisse
912 656 952 707 sc,
968 652 1036 693 cum
1059 633 1232 707 procuraret

323 730 356 787 in
372 726 527 804 Hispania,
543 728 672 789 uendere
686 732 740 792 hos
753 734 981 794 commentarios
1003 726 1107 789 Larcio
1128 721 1231 781 Licino

322 824 554 904 quadringentis
577 825 694 886 milibus
721 851 886 903 nummum,
915 841 947 892 et
981 839 1053 888 tunc
1072 824 1231 900 aliquanto
1290 892 1292 896 Ι

292 945 308 996 5
322 923 480 1004 pauciores
495 931 586 981 crant.
1246 933 1262 940 ·’

366 1018 477 1079 Nonne
505 1018 627 1077 uidetur
661 1020 716 1079 tibi
751 1024 920 1085 recordanti
943 1031 1091 1103 quantum
1114 1015 1229 1097 legerit,
1245 1026 1277 1082 18

322 1124 474 1195 quantum
511 1114 669 1193 scripserit,
709 1137 763 1177 nec
802 1119 833 1177 in
864 1120 967 1179 officiis
1000 1119 1069 1180 ullis
1104 1135 1158 1176 nec
1199 1113 1231 1171 in

322 1213 458 1274 amicitia
492 1212 633 1292 principis
658 1213 757 1285 luisse,
787 1235 897 1288 rursus,
934 1237 1002 1276 cum
1037 1215 1123 1276 audis
1158 1211 1231 1291 quid

322 1312 434 1372 studiis
463 1311 573 1370 laboris
599 1310 788 1389 impenderit,
816 1332 870 1372 nec
898 1315 1049 1392 scripsisse
1077 1314 1150 1374 satis
1178 1330 1232 1370 nec

277 1431 310 1470 ιο
323 1410 452 1490 legisset
479 1408 553 1488 quid
568 1418 614 1468 est
624 1409 702 1468 enim
713 1408 794 1486 quod
807 1429 866 1469 non
877 1421 932 1470 aut
946 1411 1014 1471 illae
1023 1411 1231 1491 occupationes

322 1507 470 1586 impedire
481 1516 536 1566 aut
550 1506 620 1566 haec
630 1506 775 1565 instantia
784 1526 843 1565 non
858 1508 952 1585 possit
966 1509 1099 1569 efficeret
1129 1510 1231 1586 itaque
1245 1517 1277 1574 19

323 1605 406 1666 soleo
421 1604 527 1674 ridere,
539 1625 605 1663 cum
620 1625 666 1663 me
676 1603 798 1681 quidam
812 1604 981 1665 studiosum
996 1616 1114 1679 uocant,
1131 1607 1190 1684 qui,
1207 1605 1231 1665 si
1288 1683 1293 1691 Ι

323 1722 480 1782 comparer
508 1702 559 1773 illi,
584 1722 649 1761 sum
670 1701 928 1762 desidiosissimus.
972 1724 1028 1783 ego
1045 1713 1146 1763 autem
1170 1714 1232 1762 tan-

324 1813 399 1874 turn,
425 1821 515 1880 quem
540 1801 649 1888 partim
676 1801 793 1881 publica
815 1801 925 1880 partim
947 1802 1111 1862 amicorum
1137 1803 1231 1862 officia

280 1917 310 1970 ις
323 1899 536 1980 distringuntl
551 1899 618 1976 quis
629 1919 666 1958 ex
676 1898 741 1957 istis
750 1898 801 1976 qui
814 1908 880 1957 tota
891 1900 956 1959 uita
971 1899 1080 1958 litteris
1092 1899 1231 1959 adsident

324 1997 451 2059 collatus
486 1996 529 2055 illi
558 2016 616 2056 non
651 1997 734 2074 quasi
764 2016 868 2056 somno
895 2006 927 2056 et
955 1997 1082 2057 inertiae
1110 1997 1230 2057 deditus

324 2097 501 2157 erubescatl

365 2192 498 2254 Extendi
514 2191 679 2271 epistulam,
692 2212 759 2252 cum
774 2192 830 2252 hoc
845 2191 941 2251 solum
963 2191 1044 2270 quod
1059 2192 1230 2271 requirebas
1244 2208 1277 2265 20

325 2292 453 2353 scribere
470 2289 672 2361 destinassem,
691 2311 765 2368 quos
787 2290 878 2349 libros
898 2290 1085 2368 reliquisset:
1114 2291 1231 2351 conlido

283 2400 427 2450 aotamen
456 2388 527 2448 haec
561 2408 679 2467 quoque
714 2389 769 2448 tibi
800 2372 858 2448 non
889 2389 988 2448 minus
1022 2399 1109 2469 grata
1140 2410 1229 2466 quam

326 2488 405 2567 ipsos
427 2486 519 2545 libros
534 2485 644 2556 futura,
667 2507 743 2564 quac
759 2496 789 2546 te
812 2507 870 2545 non
893 2497 1013 2546 tantum
1027 2487 1066 2546 ad
1089 2486 1230 2566 lugcndos

326 2606 376 2646 eos
404 2605 510 2645 uerum
545 2585 633 2643 etiam
662 2585 700 2644 ad
736 2584 832 2645 simile
864 2585 979 2663 aliquid
1015 2585 1229 2645 elaborandum

327 2692 452 2763 possunt
465 2682 673 2742 aemulationis
687 2683 816 2743 stimulis
831 2683 971 2744 excitare.
1015 2684 1089 2744 ualc.
1268 2724 1302 2832 q

330 2884 339 2931 l
356 2880 609 2931 minutissimam?
619 2882 800 2930 minutissimis
811 2887 901 2931 Broua
933 2884 948 2930 3
963 2882 1045 2931 larcio
1058 2887 1092 2931 Bo
1104 2881 1182 2929 lartio
1194 2893 1230 2929 ua

328 2964 390 3027 (cml
405 2980 468 3026 app.
483 2967 511 3021 P)
530 2963 611 3026 largio
628 2968 674 3012 HV
690 2964 769 3012 licino
785 2968 832 3012 MV
850 2964 938 3013 licinio
955 2965 1015 3027 (Ly·
1030 2968 1057 3022 a)
1075 2968 1164 3012 Βῖοιιιι
1201 2965 1229 3011 13

327 3050 527 3111 compararch
565 3047 669 3094 iseum
687 3047 978 3109 Brouaquamuisuv
1015 3048 1044 3094 21
1065 3062 1168 3110 quae...
1186 3058 1226 3092 ιιι.

329 3130 365 3179 ll.
380 3131 396 3180 9
407 3128 492 3193 pluris
502 3144 550 3176 aar.
565 3132 592 3185 B,
606 3135 653 3176 two
663 3127 745 3175 leores
756 3127 850 3186 darana
862 3127 918 3176 been
931 3134 972 3176 cat
983 3135 1027 3176 οιιι
