2950 4175
290 402 344 458 19.
362 401 462 463 (11.13)
538 399 737 452 EPISTVLAE
760 394 953 450 snanrAn.

635 628 686 684 19.
701 573 768 689 itss·
792 629 866 688 13·l·'

504 745 533 794 c.
554 744 703 794 Pnrulvs
725 743 852 795 rnrsco
869 742 938 795 svo
956 743 982 794 s.

333 857 374 916 Et
394 867 429 918 tu
450 859 616 918 occasiones
636 858 790 938 obligandi
811 879 860 918 me
881 859 1055 919 auidissimo
1076 858 1231 937 amplcc-l

289 955 374 1026 ten'S,
391 964 421 1014 et
435 975 491 1034 ego
505 955 616 1012 nomini
633 954 774 1014 libentius
789 954 893 1015 debeo.
937 956 1055 1016 duabus
1071 977 1142 1036 ergo
1164 955 1202 1015 (le
1215 963 1233 1019 2

259 1064 275 1118 5
288 1051 389 1112 causis
402 1070 420 1109 a
433 1059 464 1110 te
479 1050 667 1128 potissimum
682 1059 783 1128 petere
797 1052 942 1111 constitui
959 1053 1042 1130 quod
1064 1053 1203 1131 impetra·

288 1157 359 1208 turn
382 1147 510 1205 maxime
539 1146 633 1223 cupio.
677 1146 756 1226 regis
777 1149 943 1206 exercitum
965 1149 1201 1226 amplissimum:

288 1245 362 1306 hinc
376 1244 431 1303 tibi
442 1244 652 1302 beneficiorum
667 1243 750 1320 larga
760 1244 1033 1323 materia,longnn1
1048 1257 1203 1324 practerea

288 1354 411 1421 tempus
425 1362 485 1419 quo
495 1342 605 1401 amicos
615 1349 683 1400 tuos
692 1361 837 1401 exornare
853 1343 986 1421 potuisti.
1025 1352 1202 1402 conuertere
1215 1349 1232 1405 3

287 1441 329 1502 ad
344 1449 470 1510 nostroe,
487 1460 541 1499 nee
562 1439 616 1499 hos
637 1439 756 1498 multos
800 1439 905 1499 mallos
926 1447 961 1498 tu
983 1439 1105 1517 quidem
1128 1438 1202 1499 rnul-

242 1563 275 1600 ιο
288 1550 346 1612 tos,
363 1538 416 1598 sod
437 1557 522 1596 meae
542 1537 740 1597 uerecundiae
762 1537 872 1597 suffieit
891 1557 969 1596 unns
990 1546 1044 1596 aut
1066 1537 1151 1608 alter,
1168 1558 1202 1597 ac

289 1638 391 1717 potins
407 1657 492 1695 unns

332 1735 362 1794 Is
385 1735 444 1794 erit
469 1733 619 1793 Voconius
645 1733 805 1793 Romanus.
851 1734 987 1813 paterni
1012 1733 1041 1792 in
1069 1734 1232 1811 equestri4

288 1833 387 1914 gradu
419 1830 523 1904 elenu,
559 1831 664 1892 clarior
694 1832 820 1890 uitricns
860 1833 964 1911 (inimo
1000 1841 1087 1911 pater
1116 1831 1200 1904 alius,

290 1952 371 1990 nam·
410 1929 479 1988 huic
533 1949 651 2008 qnoque
709 1929 822 1989 nomini
874 1931 987 2009 pietate
1037 1929 1201 2006 suecessit),

244 2052 275 2105 ις
289 2038 418 2090 uiatore
436 2027 547 2107 primis.
591 2027 654 2108 ipse
675 2027 821 2088 citerioris
845 2027 1009 2107 Hispaniae
1030 2028 1099 2108 (scis
1121 2028 1202 2106 quod

291 2129 435 2189 iudicium
451 2128 619 2207 prouinciae
641 2126 728 2199 illius,
746 2136 860 2205 qrunrta
875 2129 915 2186 sit
929 2128 1077 2206 grauitas)
1094 2129 1202 2187 ilarncn

291 2227 427 2307 proxime
441 2225 509 2284 fuit.
552 2224 631 2284 bunc
646 2245 710 2305 ego,
726 2244 794 2284 cnm
809 2225 897 2285 simul
921 2224 1120 2297 studeremus
1137 2235 1233 2291 arte5

291 2324 538 2400 familiariterque
572 2322 682 2381 dilexi:
718 2322 769 2382 illc
794 2342 878 2382 meus
909 2324 938 2381 in
969 2323 1051 2395 urbe,
1085 2323 1135 2383 ille
1171 2324 1201 2383 in

292 2438 407 2478 secessu
429 2417 657 2487 contubernalis
674 2437 742 2475 curn
765 2416 820 2475 boe
844 2416 928 2488 scria,
953 2436 1021 2476 cunr
1046 2417 1101 2476 boc
1124 2418 1202 2477 iocos

245 2539 280 2575 20
292 2516 403 2575 miseni.
448 2513 521 2591 quid
537 2514 615 2573 eninr
637 2514 689 2574 illo
702 2524 758 2573 aut
780 2513 898 2573 firlelins
921 2515 1017 2573 arnico
1031 2525 1085 2573 aut
1101 2514 1228 2575 sodaleli

292 2613 470 2673 iucnnrliusl
510 2612 584 2671 mira
606 2613 635 2671 in
651 2632 793 2684 sennone,
811 2612 888 2671 nrirn
903 2613 994 2671 etianr
1018 2613 1048 2671 in
1064 2634 1115 2673 ore
1137 2614 1202 2693 ipso

292 2711 440 2788 uultuque
449 2710 589 2783 suauitas.
618 2709 657 2769 ad
672 2710 727 2769 boe
742 2710 897 2790 ingenium
909 2710 1069 2784 excelsnrn,
1081 2711 1200 2783 subtile,
1215 2720 1232 2777 7

291 2809 387 2879 dulce,
412 2808 505 2878 iae-ile,
531 2807 681 2867 eruditum
709 2809 738 2867 in
763 2808 860 2867 causis
887 2810 1030 2886 agendis:
1057 2809 1201 2888 epistulas

291 2906 412 2985 quirleur
438 2905 549 2976 scribit,
566 2917 600 2963 nt
623 2905 724 2964 illusis
747 2906 824 2985 ipsas
848 2906 953 2965 latine
981 2908 1061 2985 loqui
1088 2910 1198 2968 arulas

326 3082 392 3128 108
419 3085 572 3128 corrnertcrc
590 3084 725 3129 mona
744 3088 868 3129 eornrerte
888 3087 915 3129 te
934 3080 1077 3130 Sic-burdin
1118 3086 1133 3131 9
1154 3083 1201 3132 bos

292 3162 389 3212 multos
402 3166 486 3211 Bflva
500 3162 546 3210 bos
561 3161 666 3227 qrriilern
679 3162 777 3211 nnrltos
792 3167 845 3211 fou
876 3164 905 3211 10
916 3179 946 3211 ac
960 3168 1041 3212 MVoa
1056 3172 1104 3213 aut
1121 3168 1196 3224 (corr.

288 3243 512 3305 fromntntsru
548 3245 577 3291 r!
594 3243 873 3308 eiuvpuninplinii
889 3248 960 3294 roua
996 3247 1024 3293 14
1043 3246 1104 3294 lnric
1119 3250 1199 3297 MVou

292 3326 369 3375 buius
380 3330 435 3375 BF·
470 3328 500 3374 15
516 3334 626 3375 nantere
639 3326 730 3390 prirnis
748 3329 861 3383 (rnnter.
876 3326 897 3374 ll
916 3327 1007 3390 prinus
1026 3327 1083 3377 Cat.
1098 3333 1125 3387 a)
1144 3331 1199 3392 ipsc

291 3411 358 3473 (ipse
377 3426 425 3457 om.
440 3413 477 3466 111
485 3410 615 3457 citerioris
627 3414 676 3461 t-ea
693 3413 722 3464 ul
741 3408 897 3459 Bfflvonfa
916 3416 943 3457 et
960 3410 1011 3458 seis
1028 3414 1066 3457 BF
1103 3411 1131 3457 16
1144 3410 1199 3474 ipsc

292 3490 384 3540 llarneu
396 3491 453 3539 ant.
490 3492 523 3539 90
540 3490 585 3540 illo
596 3502 640 3538 nut
655 3490 722 3539 HV?
730 3499 777 3539 aut
790 3490 836 3539 illo
847 3495 936 3540 Bl'oua
