2950 4175
299 394 348 443 100
493 391 523 444 (l
542 390 645 442 mm
661 391 807 442 ciuem
823 389 981 442 sucvrmI
1002 389 1055 444 50.
1072 387 1146 448 (Vll.
1157 390 1199 449 19)

298 539 455 620 posuisset,
485 545 684 615 rogatumque
717 557 750 596 se
780 557 799 596 e
828 535 944 596 Formis
970 536 1001 594 in
1028 533 1201 594 defensione
1293 548 1297 556 ’

297 636 434 708 dixisset,
446 642 610 712 quaerente
622 634 780 694 minaciter
793 634 904 694 Mettio
917 631 996 694 (lero
1007 653 1047 691 an
1057 640 1199 710 rogasset

298 734 455 814 respondit
467 731 601 811 ‘rogaui’
609 751 649 791 en
663 734 892 793 commentarios
901 733 1050 811 scripturo
1059 730 1200 803 dedisset,

300 831 406 904 ‘dedi'
420 850 460 891 en
473 830 587 890 sciente
600 837 705 900 matre,
719 832 907 905 ‘nesciente';
925 837 1075 910 postremo
1088 827 1202 887 nullum

270 936 405 992 tuooem
429 927 585 988 sedentem
610 927 742 1005 periculo
766 929 873 988 emisit
923 926 1111 1005 quinetiam
1133 923 1202 984 illos
1232 936 1247 990 5

300 1029 381 1106 ipsos
421 1025 522 1096 libros,
558 1043 729 1103 quanquam
768 1045 806 1084 ex
843 1024 1019 1085 necessitate
1053 1030 1085 1082 et
1118 1030 1203 1082 metu

299 1134 469 1202 temporum
487 1121 616 1183 abolitos
634 1131 756 1182 senatus
774 1122 918 1194 consulto¹
935 1120 1094 1200 publioetis
1115 1119 1202 1179 bonis

201 1253 231 1314 L
299 1221 442 1292 mutauit,
459 1220 573 1294 hsbuit,
588 1219 720 1298 tulitque
733 1221 766 1279 in
781 1219 918 1279 exsilium
931 1218 1029 1279 exsilii
1042 1237 1169 1278 oausam.

236 1307 242 1314 ⁶
270 1329 288 1386 7
340 1317 454 1378 Eadem
468 1336 558 1395 quam
572 1316 711 1390 iucunda,
727 1336 818 1394 quam
836 1317 935 1389 comis,
951 1335 1041 1394 quum
1061 1315 1200 1394 denique,

300 1413 380 1493 quod
406 1415 508 1493 pausis
531 1413 637 1474 datum
661 1422 717 1486 est,
744 1433 803 1472 non
827 1414 926 1472 minus
949 1413 1084 1472 amabilis
1111 1431 1201 1490 quam
1218 1429 1248 1465 10

299 1510 493 1573 ueneranda!
530 1510 627 1570 eritne
661 1531 752 1589 quam
783 1518 887 1589 postea
917 1509 1061 1569 uxoribus
1092 1510 1203 1569 nostris

299 1617 452 1670 ostentare
495 1609 672 1688 possimusl
721 1609 780 1668 erit
823 1628 841 1666 a
882 1627 942 1684 qua
982 1607 1041 1666 uiri
1083 1626 1202 1684 quoque

300 1706 487 1768 fortitudinis
512 1705 649 1784 exempla
669 1707 844 1764 sumamusl
872 1723 960 1782 quam
986 1705 1026 1763 sic
1047 1711 1203 1764 cernentes

270 1804 516 1881 8sudientesque
545 1802 687 1863 miremur
710 1812 746 1861 ut
772 1801 838 1861 illas
866 1821 942 1879 quae
970 1801 1134 1880 leguntur?
1168 1821 1203 1861 oo

300 1901 375 1962 mihi
402 1901 510 1962 domus
537 1900 603 1978 ipsa
630 1908 736 1960 nutare
766 1899 966 1978 oonuulsaquo
994 1899 1113 1959 sedibus
1141 1899 1202 1959 suis
1219 1911 1247 1963 ¹5

300 1998 418 2059 ruitura
441 2015 532 2076 supra
552 1996 681 2070 uidetur,
705 1996 775 2057 licet
799 1996 896 2058 adhuc
917 2005 1051 2076 posteros
1074 1997 1201 2057 habeat:

300 2098 422 2178 quantis
433 2096 513 2157 enim
526 2096 692 2156 uirtutibus
706 2097 885 2174 quantisque
899 2096 985 2156 fastis
1001 2096 1204 2173 adsequentur

288 2203 336 2256 ut
349 2194 423 2256 huet
437 2212 497 2254 non
512 2193 675 2254 nouissime
687 2192 851 2253 occideritl

197 2244 252 2325 η’
245 2301 288 2360 9
342 2292 394 2353 Me
419 2290 539 2370 quidem
561 2290 637 2350 illud
659 2290 749 2350 etiam
775 2291 892 2372 adfligit
916 2300 947 2351 et
970 2298 1097 2369 torquet
1121 2289 1202 2368 quod

301 2400 428 2451 matrem
453 2390 525 2462 eius,
552 2388 633 2448 illam
658 2387 746 2467 (nihil
773 2409 892 2468 possum
918 2388 1064 2448 illustrius
1091 2387 1249 2466 dicere)20

301 2497 405 2548 tantae
420 2486 547 2547 sominae
561 2492 696 2557 matrem,
713 2506 816 2547 rursus
834 2487 938 2548 uideor
950 2488 1097 2558 amittere,
1112 2505 1203 2564 quam

301 2585 382 2658 haec,
409 2596 445 2644 ut
468 2581 570 2642 reddit
593 2602 627 2642 ao
652 2584 745 2644 roseit
769 2585 861 2655 nobis,
886 2585 927 2645 sio
951 2585 1066 2645 auferet
1093 2604 1201 2656 secum,

303 2702 410 2761 meque
434 2689 465 2741 et
490 2700 569 2741 nouo
591 2682 704 2762 puriter
727 2690 759 2742 et
783 2683 905 2743 rescisso
929 2683 1052 2743 uulnere
1073 2682 1201 2743 adficiet.

257 2784 290 2841 10
303 2789 461 2857 utramque
476 2778 561 2851 colui,
574 2787 733 2858 utramque
747 2780 839 2839 dilexi
851 2803 858 2852 ;
876 2789 975 2840 utram
989 2780 1082 2858 magis
1094 2780 1200 2849 nescio,

304 2899 357 2939 noc
388 2877 515 2937 discerni
547 2877 697 2937 uolebant.
763 2878 930 2937 haluroruut
957 2879 1050 2937 officia
1078 2897 1143 2935 mou
1171 2877 1201 2935 in
1217 2888 1247 2942 25

303 2975 450 3047 secundis,
487 2976 656 3036 hulurorunt
696 2976 727 3034 in
766 2975 906 3035 aduersis
970 2995 1024 3053 ogo
1062 2974 1201 3033 solacium

304 3074 511 3155 relegataruni,
535 3093 591 3153 ogo
612 3073 692 3132 ultor
713 3092 898 3132 reuersurum
910 3096 917 3145 ;
946 3093 1002 3132 uon
1025 3073 1079 3132 foci
1101 3082 1201 3131 tamon

304 3174 395 3252 puris,
420 3181 510 3249 atquo
536 3191 570 3231 oo
594 3171 688 3250 magis
713 3171 787 3230 hunc
815 3172 901 3250 cupio
925 3172 1044 3242 seruari,
1070 3184 1105 3229 ut
1129 3170 1200 3229 milri

307 3319 333 3367 ll
350 3319 409 3375 orit,
425 3332 535 3381 nequam
550 3329 568 3364 ιι
582 3316 635 3364 orit
650 3330 727 3379 quum
745 3319 771 3362 Μ
787 3324 859 3363 ornt:
878 3330 909 3362 ne
925 3316 999 3372 (corr.
1017 3314 1070 3361 ξ’)ι.
1088 3320 1115 3362 to
1131 3314 1156 3362 ni
1173 3318 1201 3372 u)

304 3417 382 3464 quum
404 3414 437 3448 ou
457 3407 522 3457 erut,
544 3414 591 3446 noo
610 3412 687 3461 quem
708 3395 729 3445 f
745 3396 795 3444 erit
815 3412 875 3444 sano
895 3412 972 3460 quani
993 3395 1132 3443 stolonum
1169 3396 1201 3444 ‘26

304 3482 428 3531 solatium
440 3495 492 3531 out
503 3480 587 3529 socius
598 3483 624 3527 Ι
