2950 4175
279 393 326 442 roe
472 391 500 443 c.
522 391 623 442 rann
640 391 786 443 canona
803 362 959 444 saevum
982 391 1032 447 51.
1051 392 1179 452 (Vnam
1271 288 1300 515 l

276 539 390 616 primus
405 537 457 615 qui
472 545 535 595 ate
549 537 712 614 proximus.
755 539 828 615 quin
842 539 933 598 etiam
947 538 978 596 in
992 537 1179 596 testamentis

274 634 366 694 debes
394 634 561 706 adnotasse,
592 634 650 692 nisi
677 635 851 712 quis'forte
878 635 1014 694 alterutri
1043 629 1178 694 nostrum
1278 620 1282 625 ¹

274 733 479 802 amicissimus,
491 730 595 790 eadem
604 730 703 808 legata
716 733 880 810 etquidem
891 733 1001 811 pariter
1008 732 1175 810 accipimus.

244 827 351 906 7quae
380 828 480 888 omnia
508 827 567 887 hue
594 836 740 904 spectant,
771 837 805 888 ut
836 831 867 888 in
885 831 991 889 uicem
1023 829 1178 888 ardentius

274 927 444 1003 diligamus,
460 945 528 985 oum
551 932 599 984 tot
619 924 747 985 uinculis
769 946 822 986 nos
842 927 950 995 studia,
969 947 1072 998 mores,
1089 926 1205 998 famas

274 1043 414 1101 suprema
454 1023 586 1101 denique
624 1022 780 1083 homiuum
816 1025 926 1086 indicia
962 1026 1174 1103 constringant.

274 1120 349 1180 uale.

612 1301 667 1426 el
699 1369 774 1433 (vn.
788 1372 842 1434 a,

481 1501 511 1554 Ο.
531 1500 680 1554 PLINIVS
696 1503 842 1555 GEMINO
858 1503 925 1556 SVO
942 1503 967 1555 S.

242 1635 257 1690 l
313 1631 467 1693 meidia
501 1633 691 1707 Quadratilla
730 1635 821 1713 paulo
848 1636 946 1695 minus
974 1636 1175 1715 octogensimo
1191 1651 1220 1686 10

176 1746 179 1753 ·
271 1730 380 1790 aetatis
402 1751 482 1790 anno
504 1730 640 1806 decessit,
665 1732 822 1810 usquead
848 1733 1037 1792 nouissimam
1062 1732 1175 1792 ualetu-

270 1826 373 1888 dinem
391 1827 505 1900 uiridis‚
524 1835 617 1907 atque
634 1829 725 1890 etiam
743 1829 823 1890 ultra
840 1828 1033 1889 matronalem
1052 1827 1174 1889 modum

241 1933 426 2004 2compaoto
446 1945 570 2004 corpore
592 1934 624 1987 et
644 1926 777 1987 robusto.
819 1927 946 1987 decessit
966 1926 1174 1987 honestissimo

270 2029 473 2084 testamento:
501 2023 625 2102 reliquit
645 2022 778 2099 herodes,
802 2044 839 2084 ex
860 2025 944 2085 besse
966 2032 1113 2105 nepotem,
1136 2029 1203 2085 exfi·

269 2122 361 2182 tertia
384 2130 470 2200 parte
495 2130 626 2202 neptem
1189 2139 1218 2191 15

310 2218 443 2298 Neptem
458 2238 564 2298 parum
581 2220 661 2290 noui,
677 2228 816 2299 nepotem
831 2220 1056 2282 familiarissime
1070 2222 1171 2302 diligo,

268 2315 491 2376 adulescentem
534 2317 725 2398 singularem,
769 2337 822 2377 nec
862 2318 899 2377 iis
940 2326 1057 2379 tantum
1098 2339 1172 2398 quos

238 2413 415 2492 3sanguine
442 2413 568 2495 attingit
596 2414 677 2475 inter
704 2415 887 2495 propinquos
915 2417 1082 2478 amandum.
1138 2438 1173 2477 ac

268 2512 399 2590 primum
408 2511 586 2591 conspicuus
596 2512 693 2573 forma
702 2532 805 2573 omnes
816 2533 964 2575 sermones
975 2514 1171 2595 malignorum

267 2620 299 2671 et
314 2630 389 2689 puer
403 2618 435 2671 ot
448 2610 567 2672 iuuenis
582 2612 697 2674 euasit:
715 2614 795 2673 intra
806 2622 946 2692 quartum
958 2624 989 2674 et
998 2615 1171 2675 uicesimum
1185 2629 1218 2665 20

266 2728 380 2767 annum
394 2708 529 2781 maritus,
547 2719 578 2771 et
592 2711 617 2771 si
632 2709 707 2772 deus
721 2712 883 2785 adnuisset,
899 2722 992 2792 pater.

308 2806 396 2865 Vixit
413 2806 444 2865 in
459 2808 658 2868 contubernio
677 2809 763 2869 auiae
782 2809 927 2870 delicatae
941 2811 1125 2871 seuerissime
1142 2820 1173 2870 ct

237 2913 369 2973 4tamcn
398 2905 675 2984 obsequentissime.
730 2906 861 2967 habebat
889 2908 940 2968 illa
964 2910 1170 2987 pantomimos,

268 3001 449 3080 souebatque
471 3003 594 3063 effusius
615 3024 705 3082 quam
727 3005 852 3083 principi
875 3006 1000 3065 feminae
1022 3006 1169 3067 conuenit.

267 3101 322 3160 hos
334 3099 507 3174 Quadratus
522 3122 581 3161 non
593 3102 623 3161 in
636 3102 763 3175 theatro,
775 3122 833 3163 non
845 3103 924 3163 dorni
937 3105 1103 3182 spectabat3
1118 3125 1172 3165 nee
1186 3117 1215 3170 ²5

238 3198 319 3266 silla
336 3200 484 3279 exigebat.
530 3198 633 3259 audiui
654 3199 757 3277 ipsam,
773 3220 840 3260 cum
860 3201 932 3260 mihi
951 3201 1172 3262 commendaret

268 3298 387 3376 nepotis
407 3298 452 3356 sui
473 3297 581 3369 studia,
598 3296 693 3356 solere
712 3317 752 3370 se,
769 3307 804 3357 ut
825 3299 962 3358 feminam
985 3300 1014 3358 in
1037 3299 1089 3360 illo
1108 3300 1172 3360 otio

335 3476 376 3519 ⁶2
396 3473 425 3523 17
442 3472 476 3519 iis
486 3482 539 3519 oua
549 3469 591 3519 hi·
602 3474 628 3518 Ι
661 3470 694 3519 24
710 3470 835 3520 conuenit
846 3475 872 3519 H
882 3473 1034 3521 conueniret
1044 3486 1095 3522 oua
