2950 4175
326 369 383 425 ω,
402 367 447 429 (ιι.
460 368 500 428 re)
577 365 777 416 arrsrvtae
799 365 989 418 sutncmu
1205 367 1240 422 re

372 512 442 572 Non
464 531 584 590 pessum
603 511 769 589 exprimere
783 511 882 570 uerbis
897 524 1045 590 quantum
1058 513 1160 573 anime
1175 510 1239 570 uul-
1267 515 1286 570 ‘1

329 631 388 671 nna
401 609 573 689 acceperim,
584 627 651 667 eum
662 607 766 667 audiui
781 608 960 670 Fundanum
972 612 1080 691 ipsum,
1093 622 1127 668 ut
1141 609 1239 668 multa

330 711 468 768 luctuosa
481 706 567 766 dolor
582 706 705 776 inuenit,
719 707 961 786 praecipientem,
977 708 1060 786 quod
1082 709 1111 767 in
1128 718 1236 776 uestes,

329 804 502 882 margarita,
524 823 656 883 gemmas
677 803 776 862 lucrat
797 814 982 885 erogaturus,
1004 806 1113 866 hocin
1135 816 1186 863 tus
1206 814 1238 862 ct

301 911 487 982 5ungucnta
510 908 542 961 et
565 898 671 960 ederes
696 901 928 980 impenderetur.
971 915 1019 963 est
1041 901 1165 980 quidem
1187 900 1238 959 ille
1267 901 1285 957 8

329 997 469 1060 eruditus
482 1007 515 1057 et
528 997 653 1076 sapiens,
666 1008 701 1057 ut
715 999 768 1076 qui
782 1018 813 1058 se
827 998 866 1059 ab
880 1000 1005 1060 ineunte
1015 1010 1116 1061 aetate
1126 999 1238 1059 altiori·

330 1098 387 1156 bns
401 1094 510 1155 studiis
523 1094 697 1172 artibusque
711 1094 871 1168 dediderit,
883 1097 935 1156 scd
951 1116 1031 1158 nunc
1045 1099 1146 1157 emnia
1160 1116 1237 1175 qnae

329 1194 429 1255 audiit
442 1213 538 1272 saepe,
551 1213 627 1271 quae
638 1191 724 1266 dixit,
737 1204 923 1272 aspernatur,
936 1196 1129 1274 expulsisque
1145 1197 1238 1254 uirtu-

331 1293 413 1354 tibus
426 1292 493 1352 aliis
507 1291 628 1371 pietatis
643 1302 689 1350 est
703 1304 794 1350 totns.
826 1292 968 1372 ignosces,
985 1292 1121 1352 laudabis
1136 1293 1236 1363 etiam,
1267 1298 1285 1355 9

287 1413 318 1450 ιο
330 1392 356 1451 si
370 1389 550 1470 cogitauerit
567 1387 639 1466 quid
661 1389 801 1448 emiserit.
843 1389 945 1448 amisit
959 1390 1039 1449 enirn
1054 1391 1146 1449 filiam
1161 1409 1239 1468 quac

331 1509 390 1548 nen
406 1487 506 1546 minus
526 1505 624 1545 rueres
644 1485 707 1545 eius
728 1506 818 1563 qnam
834 1505 867 1546 os
883 1487 1064 1566 uultumque
1079 1487 1238 1560 referebat,

331 1596 491 1662 totumque
526 1592 642 1663 patrem
680 1583 754 1643 mira
793 1584 990 1644 similitudine
1029 1586 1230 1664 exscripserat

331 1681 457 1764 preinde
471 1682 496 1741 si
514 1701 589 1760 quas
603 1679 641 1740 ad
662 1701 730 1740 eum
751 1681 789 1741 de
810 1681 912 1742 dolere
934 1691 996 1742 tam
1019 1683 1100 1741 iusto
1122 1682 1240 1742 litteras
1252 1686 1286 1744 10

330 1783 443 1854 mittes,
459 1789 610 1841 memento
630 1778 772 1839 adhibere
793 1780 943 1854 solacium,
965 1799 1025 1839 nou
1047 1780 1133 1857 quasi
1154 1781 1240 1839 easti-

286 1899 317 1952 ις
330 1881 483 1962 gaterium
494 1890 527 1940 et
541 1878 629 1938 nimis
641 1877 727 1950 ferte,
739 1877 792 1938 sed
802 1878 892 1938 molle
903 1888 934 1938 et
945 1879 1121 1937 humanum.
1157 1876 1239 1955 quod

332 1988 367 2039 ut
392 1977 510 2038 facilius
533 1976 684 2050 admittat,
710 1976 839 2037 multum
864 1976 954 2037 faciet
978 1976 1070 2036 medii
1094 1976 1240 2055 temporis

331 2076 472 2157 spatium.
516 2085 551 2135 ut
565 2075 643 2136 enim
658 2074 784 2136 crudum
800 2074 898 2134 adhue
920 2074 1031 2134 uulnus
1052 2073 1239 2135 medentium
1253 2075 1285 2132 11

331 2196 439 2235 manus
452 2173 636 2247 refermidat,
647 2172 757 2234 deinde
772 2174 887 2252 patitur
900 2181 992 2252 atque
1007 2173 1088 2233 ultro
1103 2173 1239 2251 requirit,

332 2274 373 2332 sic
390 2292 493 2332 reeens
509 2271 600 2331 animi
618 2270 703 2330 dolor
723 2270 940 2331 consolationes
957 2270 1045 2330 reicit
1062 2292 1097 2330 ac
1116 2271 1238 2350 refugit,

285 2394 321 2431 ω
332 2390 403 2430 mex
417 2369 569 2430 desiderat
585 2379 616 2429 et
630 2369 791 2428 clementer
805 2368 935 2428 admotis
949 2368 1125 2448 adquiescit.
1162 2369 1237 2427 ualc.

685 2563 736 2619 4⁰.
771 2564 885 2625 (v.19.)
920 2570 963 2608 ff*

442 2661 470 2711 C.
492 2661 637 2714 PLINIVS
656 2662 816 2714 VALERIO
834 2662 997 2714 PAVLINO
1014 2663 1083 2715 SVO
1100 2664 1126 2714 S,

373 2760 472 2820 Video
492 2782 581 2839 quam
602 2762 733 2823 molliter
754 2773 822 2823 tuos
845 2762 972 2821 habeas:
995 2782 1056 2839 qno
1075 2762 1239 2842 simplicius
1269 2762 1284 2817 1

333 2858 389 2918 tibi
417 2858 581 2918 confitebor
607 2880 666 2937 qua
694 2859 882 2940 indulgentia
907 2880 989 2919 meos
1014 2872 1140 2920 tractem
1193 2875 1239 2919 cst
1268 2864 1285 2920 2

289 2975 320 3027 25
333 2954 406 3014 milri
420 2975 538 3034 semper
552 2956 581 3015 in
596 2957 696 3016 animo
710 2972 738 3017 ct
757 2958 949 3018 Homericum
965 2958 1040 3017 illnd
1056 2958 1152 3033 πατὴρ
1167 2960 1189 3013 δ’
1204 2960 1239 3017 ὣς

333 3052 417 3127 ἤπιος
439 3053 493 3127 ἦεν,
513 3065 544 3112 ct
565 3053 619 3113 hec
642 3069 776 3114 nostrum
795 3064 897 3134 ‘priter
918 3056 1069 3117 familiac.’
1110 3057 1191 3134 quod
1214 3058 1238 3115 si

334 3171 428 3210 essem
450 3164 557 3210 natum
576 3153 708 3230 asperior
728 3167 758 3212 ct
774 3153 884 3224 durior,
901 3155 1055 3235 intingeret
1074 3169 1237 3215 monimen

335 3248 491 3307 infirmitas
506 3248 604 3308 liberti
623 3250 679 3307 mci
696 3249 814 3321 Zosimi,
829 3253 876 3311 cui
893 3262 980 3312 tanto
994 3254 1090 3313 maior
1104 3253 1238 3312 lrunrani-

334 3379 349 3423 4
370 3377 510 3440 nrargaritn
531 3379 557 3424 lt
576 3379 730 3429 incruentas
749 3392 800 3428 oue
819 3385 863 3428 tus
882 3386 912 3430 et
930 3388 1066 3446 unguenta
1083 3386 1109 3429 Μ
1130 3390 1190 3430 tura
1209 3387 1238 3431 et

336 3462 467 3519 mignenta
479 3468 496 3502 a
507 3463 567 3503 tura
578 3462 606 3504 et
618 3455 643 3504 in
657 3463 835 3519 unguentate
