2950 4175
226 338 229 347 ¹
319 384 373 441 ιτ.
391 382 439 444 (11.
452 384 494 443 n)
541 345 544 348 ’
569 378 773 431 nrrsrvmn
794 377 985 431 suasoria.
1200 381 1229 429 ar

323 537 473 589 neutrum.
530 533 596 585 erat
624 544 697 604 ergo
733 545 878 604 perquam
906 544 1064 585 onerosum
1092 543 1230 584 accusare
1244 532 1277 587 13

323 627 507 695 damnatum,
528 642 619 700 quem
640 631 675 681 ut
694 623 850 701 premebat
870 624 1012 684 atrocitas
1033 622 1172 693 criminis,
1189 622 1232 680 ita

324 723 404 803 quasi
419 731 559 801 peractae
573 719 776 779 damnationis
790 721 942 781 miseratio
956 721 1107 781 tuebatur.

361 820 534 899 Vtcumque
554 828 656 877 tamen
673 818 808 878 animum
827 820 1100 899 cogitationemque
1113 817 1229 895 collegi,
1243 826 1276 882 14

304 917 403 996 scoepi
428 916 529 977 dicere
553 935 614 974 non
637 915 752 975 minore
776 915 966 977 audientium
987 917 1115 977 adsensu
1140 935 1229 994 quam

324 1015 524 1077 sollicitudine
548 1033 624 1073 mea.
666 1013 731 1072 dixi
756 1015 838 1075 horis
863 1035 958 1094 paene
977 1017 1128 1093 quinque:
1161 1033 1230 1073 nam

323 1112 480 1175 duodecim
488 1110 733 1190 clepsydrisquas
742 1111 971 1190 spatiosissimas
980 1132 1149 1193 acceperam
1159 1120 1231 1171 sunt

323 1210 443 1271 additae
457 1204 624 1288 quattuor'
652 1207 728 1268 adeo
743 1207 796 1267 illa
808 1209 874 1287 ipsa
888 1228 964 1286 quac
975 1209 1052 1268 dura
1062 1220 1094 1269 et
1104 1207 1230 1269 aduersa

323 1308 440 1369 dicturo
461 1306 646 1366 uidebantur
665 1305 796 1365 secunda
815 1305 927 1365 dicenti
946 1305 1078 1366 fuerunt.
1121 1305 1230 1366 Caesar
1243 1310 1275 1366 15

291 1406 444 1486 mquidem
469 1414 591 1464 tantum
615 1403 689 1463 mihi
711 1403 855 1475 studium,
875 1414 992 1463 tantam
1013 1404 1103 1463 etiam
1128 1423 1229 1464 curam

322 1504 462 1584 (nimium
483 1513 530 1562 est
544 1501 625 1561 enim
639 1501 738 1561 dicere
759 1501 1005 1579 sollicitudinem)
1019 1501 1179 1580 praestitit,
1196 1509 1231 1560 ut

321 1603 464 1664 libertum
485 1620 587 1659 meum
608 1609 676 1678 post
696 1619 745 1659 me
766 1608 897 1659 stantem
918 1599 1035 1679 saepius
1055 1599 1231 1659 admoneret

322 1701 386 1761 uoci
424 1698 573 1776 laterique
609 1697 802 1770 consulerem,
836 1717 904 1757 cum
939 1717 986 1757 me
1021 1698 1229 1757 uehementius

321 1808 445 1878 putarat
464 1795 582 1855 intendi
605 1815 695 1873 quarn
718 1795 871 1875 gracilitas
895 1816 961 1855 mea
985 1795 1101 1874 perpeti
1120 1803 1226 1874 posset.

287 1892 478 1974 isrcspoudit
502 1892 576 1952 milri
601 1913 656 1972 pro
680 1892 834 1952 Marciano
859 1891 1002 1952 Claudius
1028 1891 1227 1952 Marcellinus.

321 1993 430 2053 missus
459 1991 569 2051 deinde
601 1998 723 2050 senatus
751 1998 783 2050 et
810 2000 967 2050 reuocatus
995 1990 1025 2048 in
1058 1999 1227 2068 posterum:
1242 1995 1275 2052 16

322 2090 515 2170 nequeenim
534 2090 595 2148 iam
615 2088 748 2148 incohari
762 2098 882 2167 poterat
900 2088 987 2160 actia,
1004 2088 1059 2147 nisi
1080 2099 1114 2147 ut
1135 2088 1229 2147 noctis

321 2190 499 2250 interuentu
513 2186 709 2247 scinderetur.

361 2287 488 2347 Postero
508 2285 557 2345 die
579 2284 658 2344 dixit
679 2303 733 2363 pro
755 2282 853 2342 Mario
873 2281 993 2342 Saluius
1014 2283 1166 2355 Liberalis,
1183 2284 1229 2342 uir
1242 2291 1275 2347 17

282 2384 449 2456 aosubtilis,
465 2383 637 2463 dispositus,
654 2403 729 2454 acer,
751 2381 899 2455 disertus3
924 2382 954 2440 in
978 2381 1028 2441 illa
1050 2403 1120 2442 uero
1141 2402 1229 2441 causa

321 2503 425 2544 omncs
463 2493 543 2541 artes
581 2500 650 2539 suas
688 2479 823 2558 protulit.
880 2479 1034 2557 respondit
1073 2479 1229 2540 Cornelius

321 2581 445 2641 Tacitus
459 2577 703 2656 eloquentissime
717 2587 756 2649 et,
769 2576 850 2655 quod
865 2577 1008 2636 eximium
1023 2577 1151 2637 orationi
1165 2578 1230 2637 eius

322 2679 409 2749 inest,
433 2674 550 2751 σεμνῶς.
594 2674 675 2734 dixit
688 2695 742 2754 pro
757 2674 855 2734 Mario
869 2695 972 2733 rursus
991 2674 1105 2733 Fronto
1124 2673 1229 2735 Catius
1243 2681 1275 2738 18

322 2775 489 2856 insiguiter,
507 2786 601 2851 utque
618 2772 678 2831 iam
696 2772 777 2833 locus
794 2772 844 2831 illc
865 2772 1012 2851 poscebat,
1029 2773 1095 2851 plus
1115 2772 1146 2832 in
1167 2792 1229 2852 prc-

281 2893 309 2944 ²5
321 2876 405 2935 cibus
421 2873 565 2953 temporis
580 2892 671 2950 quami
686 2871 715 2928 in
728 2870 901 2930 defensione
916 2872 1107 2950 consumpsit.
1141 2872 1229 2930 liuius

322 2973 470 3032 actionem
508 2990 634 3049 uespera
669 2968 798 3039 inclusit,
832 2989 889 3027 uon
919 2981 1019 3028 tamen
1049 2969 1089 3028 sic
1119 2977 1154 3028 ut
1181 2969 1230 3027 al>

322 3080 495 3149 rumpcrct;
520 3069 622 3145 itaque
651 3066 680 3125 in
708 3066 831 3125 tertium
857 3065 936 3124 (lirin
964 3066 1153 3145 probationes
1181 3087 1230 3126 cx·

322 3168 430 3228 icrunt.

324 3391 332 3437 l
353 3403 416 3448 eruo
427 3384 496 3434 nvf
505 3386 588 3446 igitur
598 3388 668 3434 Paua
704 3386 731 3434 17
751 3391 780 3431 ut
792 3397 840 3431 ona.
858 3387 927 3430 roua
959 3382 992 3429 a.)
1009 3382 1064 3429 eius
1076 3386 1155 3432 livou
1168 3398 1229 3430 suae

321 3469 348 3524 F,
361 3486 409 3517 orer.
425 3474 461 3517 Fa
