2950 4175
313 383 346 432 96
507 381 536 432 C.
557 381 656 432 PLINI
673 381 818 433 ensem
835 381 995 433 SECVNDI
1033 381 1084 438 48.
1103 380 1175 443 (VII.
1185 384 1212 441 5)

659 629 710 684 48.
745 630 818 691 (VII.
832 634 870 690 5.)

453 742 480 790 C.
505 739 649 792 PLINIVS
671 742 907 794 CALPVRNIAE
930 743 1024 793 SVAE
1045 742 1071 792 S.

284 871 299 926 1
354 867 531 928 Incredibile
559 878 604 927 est
631 879 745 947 quanto
773 871 920 931 desiderio
949 870 993 930 tui
1022 880 1131 929 tenear.
1181 870 1213 928 iu

312 987 400 1027 causa
423 985 507 1024 amor
528 966 665 1044 primum,
690 967 799 1028 deinde
820 967 901 1047 quod
922 989 982 1028 non
1006 966 1213 1028 consueuimus

292 1033 421 1124 oabesse.
465 1062 534 1121 inde
560 1073 605 1122 est
629 1065 710 1142 quod
731 1086 870 1146 magnam
892 1066 1025 1126 noctium
1045 1073 1160 1144 partem
1180 1064 1212 1122 in
1245 1073 1257 1125 5

312 1160 442 1240 imagine
462 1167 515 1219 tua
537 1160 608 1240 uigil
637 1162 732 1240 exigo,
755 1163 825 1223 inde
846 1161 928 1241 quod
952 1161 1083 1223 interdiu
1104 1161 1213 1240 quibus

312 1259 392 1317 horis
413 1266 444 1317 te
458 1259 554 1319 uisere
575 1259 706 1319 solebam
719 1259 759 1320 ad
779 1259 909 1320 diaetam
930 1268 1014 1320 tuam
1035 1260 1091 1339 ipsi
1105 1279 1162 1333 me,
1178 1268 1213 1319 ut

312 1356 465 1416 uerissime
485 1355 604 1428 dieitur,
621 1357 712 1436 pedes
732 1357 857 1429 ducunt,
873 1357 954 1435 quod
975 1356 1104 1436 denique
1124 1377 1213 1436 aeger

312 1464 343 1514 et
364 1463 494 1514 maestus
514 1475 549 1516 ac
570 1455 675 1515 similis
695 1455 816 1516 excluso
829 1475 848 1514 a
861 1473 957 1514 uacuo
977 1454 1080 1514 limine
1096 1454 1209 1515 recede.

311 1571 406 1611 unum
431 1561 549 1630 tempus
569 1551 616 1611 his
640 1553 908 1633 tormentislearet
925 1571 985 1630 quo
1005 1551 1036 1610 in
1057 1550 1122 1612 foro
1142 1553 1213 1611 ami·
1229 1560 1258 1596 ¹⁰

282 1653 299 1709 2
312 1670 414 1710 eorum
429 1651 532 1710 litibus
546 1658 691 1710 conteror.
727 1650 853 1709 aestima
867 1659 901 1709 tu
916 1670 992 1727 quoe
1005 1651 1069 1709 uita
1083 1670 1148 1710 mea
1162 1651 1210 1722 sit,

311 1749 358 1808 cui
384 1749 500 1825 requies
522 1748 553 1806 in
575 1747 685 1820 labore,
706 1748 736 1806 in
759 1748 877 1807 miseria
899 1748 1036 1826 curisque
1060 1747 1209 1807 solacium.

312 1844 386 1905 uale.

658 2025 709 2083 49.
745 2024 819 2089 (VII.
832 2026 869 2085 9.)

525 2143 555 2193 C.
581 2141 727 2193 PLINIVS
750 2140 861 2193 FVSCO
883 2141 951 2193 SVO
973 2142 998 2192 S.
1228 2159 1255 2214 ις

283 2280 298 2337 1
352 2270 475 2346 Quaeris
497 2291 586 2349 quem
607 2270 645 2330 ad
668 2270 789 2330 modum
812 2271 843 2330 in
858 2292 981 2343 secessu,
998 2291 1058 2349 quo
1078 2272 1137 2331 iam
1158 2272 1231 2332 diu'

282 2369 425 2441 2frueris‚
443 2380 545 2447 putem
568 2381 598 2428 te
620 2368 740 2429 studere
761 2380 906 2447 oportere.
951 2370 1024 2430 utile
1045 2370 1075 2430 iu
1097 2371 1208 2450 primis,

311 2481 342 2528 et
357 2466 443 2526 multi
458 2468 652 2546 praecipiunt,
665 2466 713 2526 uel
728 2487 766 2527 ex
780 2466 894 2551 Graece
909 2468 939 2527 in
957 2468 1095 2528 latinum
1111 2469 1209 2528 uelox

311 2565 418 2625 Latino
434 2576 550 2625 uertere
565 2565 596 2623 in
611 2563 772 2625 Graccum:
794 2586 853 2643 quo
867 2586 975 2645 genere
990 2567 1211 2627 exercitationis

311 2664 476 2743 proprietas
504 2661 703 2741 splendorque
732 2663 899 2735 uerborum,
926 2666 1011 2742 eopia
1039 2666 1208 2744 figurarum,
1224 2682 1256 2717 20

311 2763 356 2821 uis
371 2759 547 2839 explicandi,
562 2772 714 2838 praeterea
726 2760 893 2820 imitatione
908 2762 1088 2840 optimorum
1103 2762 1210 2821 similia

312 2858 481 2918 iuueuieruli
512 2857 635 2916 facultas
665 2870 803 2937 paratur·;
842 2859 930 2918 simul
959 2880 1033 2936 quac
1062 2859 1208 2938 legentem

313 2956 484 3016 fefellissent
507 2956 734 3016 transferentem
757 2956 858 3034 fugere
874 2977 932 3014 nou
951 2967 1082 3033 possunt.
1126 2957 1209 3016 intel-

312 3054 438 3132 legentia
455 3075 491 3111 ex
508 3053 561 3112 lroe
578 3064 608 3112 et
622 3054 765 3113 iudicium
780 3054 956 3132 adquiritur.

344 3223 387 3263 ⁴8
412 3218 545 3278 5partem
564 3217 679 3264 noctium
696 3229 714 3264 a
746 3216 842 3278 duigil
859 3220 902 3264 Ma
917 3216 1022 3277 uigilem
1039 3228 1073 3264 ou
1110 3217 1137 3262 10
1154 3215 1209 3262 foro

311 3298 452 3345 amicorum
471 3301 495 3343 u
514 3297 570 3344 foro
586 3306 613 3345 et
630 3299 772 3345 amicorum
788 3311 838 3345 oua
875 3299 903 3345 12
920 3297 1044 3344 solacium
1061 3302 1101 3344 ost
1118 3309 1142 3353 a,
1158 3313 1205 3343 erar.

312 3389 349 3427 est
364 3383 422 3426 Meu

345 3467 386 3507 ⁴⁹
409 3462 434 3512 17
454 3461 546 3507 frueris
560 3460 618 3507 Μὴ
632 3461 711 3508 fueris
722 3474 757 3509 οιι
