2950 4175
311 384 360 436 tlt
501 380 531 435 0.
550 380 653 432 mm
668 379 815 433 cuucm
830 379 989 434 suevum
1005 380 1058 439 ω.
1071 380 1214 445 (ΠΕἏ)

310 526 1212 608 libmmquiiueumwmdutumuinummeritie,

310 625 452 698 amicitie,
481 622 602 685 foedere
635 623 767 703 denique
800 634 832 685 et
864 623 1008 706 religione
1040 632 1213 687 tenuerunt

281 730 451 787 breuerere
464 720 636 782 eonditures
648 721 722 782 deos
738 732 771 783 et
788 723 912 783 numina
930 722 1064 796 deorum,
1078 742 1217 785 reuerere

311 821 440 902 glorium
460 827 595 880 ueterem
617 828 649 879 et
665 819 742 879 bunc
762 819 857 898 ipsam
878 829 1072 892 senectutem,
1085 840 1165 900 quae
1183 821 1217 882 iu

312 917 434 980 bomine
457 915 647 987 uenerabilis,
669 917 702 976 in
726 915 850 978 urbibus
876 938 967 979 sacru
1008 918 1051 979 eit
1075 918 1159 999 apud
1185 928 1218 981 te
1245 934 1260 991 ς

312 1017 410 1078 honor
432 1013 621 1093 -eutiquiteti,
651 1014 692 1074 eit
717 1014 891 1094 ingentibus
916 1015 1012 1091 iuetie,
1039 1017 1082 1077 eit
1106 1015 1218 1077 iubtrlie

312 1131 441 1193 quoque
498 1109 575 1171 nihil
609 1130 648 1172 ex
680 1111 857 1191 cuiusquam
882 1114 1040 1194 dignitate,
1067 1113 1145 1175 nihil
1178 1106 1222 1175 ex⁴

283 1211 462 1281 ilibertute,
475 1208 551 1270 nibil
565 1209 657 1270 etiem
669 1228 709 1270 ex
727 1209 887 1272 iactatione
906 1210 1097 1293 decerpseris.
1138 1210 1219 1274 lube

312 1317 385 1370 ente
398 1306 501 1369 oculos
514 1306 592 1367 hane
605 1326 670 1367 esse
686 1314 798 1367 tenum
816 1327 893 1386 quee
907 1309 998 1371 nobie
1012 1309 1129 1371 miserit
1140 1308 1217 1383 iura,
1287 1311 1290 1318 '

313 1424 391 1485 quue
404 1404 486 1484 leges
500 1423 560 1464 nen
575 1404 664 1464 uictis
680 1403 733 1465 sed
751 1406 924 1485 petentibus
940 1406 1067 1481 dederit,
1080 1406 1219 1469 Atlreuee
1233 1422 1264 1462 ιο

313 1522 379 1565 esse
405 1521 482 1582 ques
508 1501 606 1576 udeue,
631 1501 885 1564 lacedaemonem
911 1523 1089 1585 essequam
1112 1524 1218 1586 regen

313 1600 424 1679 quibue
437 1598 583 1679 reliquum
598 1599 735 1660 umbram
749 1607 781 1661 et
791 1599 943 1662 residuum
953 1601 1100 1664 libertatis
1108 1622 1218 1664 nomeu

283 1699 430 1779 deripere
443 1697 563 1770 durum,
579 1696 685 1770 ferum,
701 1697 861 1759 herbarum
872 1707 926 1761 eet
962 1698 1076 1761 uidete
1085 1698 1216 1775 medicis,

313 1815 487 1877 quenquam
501 1795 534 1854 iu
552 1794 680 1856 aduersu
698 1795 872 1858 ualetudine
891 1796 966 1858 nibil
984 1798 1063 1859 serui
1078 1818 1114 1860 ee
1131 1796 1218 1860 liberi

312 1894 463 1967 differunt,
475 1891 596 1954 mollius
607 1903 709 1955 tumen
719 1891 830 1954 liberos
840 1882 1075 1974 elementiueque
1084 1896 1215 1957 tracturi
1233 1907 1262 1963 15

253 2023 261 2037 ·
313 1990 471 2054 recordere
486 1989 562 2070 quid
576 2009 712 2070 quueque
723 1991 829 2052 ciuitas
839 1990 938 2066 fuerit,
950 2012 1012 2053 non
1025 2000 1060 2053 ut
1072 1991 1218 2072 despicies

283 2090 397 2171 bquod
424 2109 489 2151 eeee
515 2088 659 2151 desierit:
693 2090 774 2151 absit
796 2090 943 2184 superbie,
968 2092 1120 2172 asperitas
1163 2111 1219 2153 nee

313 2188 452 2251 timueris
466 2194 681 2267 eontemptum
717 2206 758 2248 eu
772 2188 974 2250 eontemnitur
983 2188 1035 2268 qui
1049 2188 1216 2268 imperium,

314 2287 367 2368 qui
389 2287 483 2349 ieecee
505 2285 605 2359 hebet
629 2285 687 2347 nisi
711 2285 834 2347 humilis
856 2296 888 2348 et
907 2286 1046 2348 sordidus
1065 2296 1097 2347 et
1112 2286 1166 2364 qui
1186 2306 1219 2347 se

314 2385 431 2464 primus
455 2385 519 2464 ipse
543 2384 735 2445 contemuitl
779 2383 856 2445 mele
883 2385 946 2444 uim
972 2403 1057 2445 suum
1084 2392 1219 2462 potestas
1232 2403 1261 2441 ae

314 2481 442 2543 eliorum
456 2480 647 2543 eontumeliie
662 2480 824 2561 experitur,
840 2481 917 2543 mele
936 2490 1050 2543 terrore
1063 2482 1219 2543 ueneratio

314 2578 494 2658 adquiritur,
517 2577 666 2658 longeque
688 2578 838 2640 ualentior
857 2599 941 2641 umor
960 2579 999 2641 ud
1021 2578 1218 2641 obtinendum

315 2675 397 2755 quod
411 2675 487 2736 uelis
502 2694 593 2755 quem
611 2676 710 2739 timer.
753 2697 823 2739 uum
839 2678 931 2738 timer
947 2678 1019 2751 abit,
1035 2678 1060 2737 si
1080 2676 1218 2748 reeedue3

316 2780 524 2856 munet-umor,
539 2794 575 2833 ae
589 2774 668 2835 sieut
682 2773 733 2835 ille
747 2774 779 2834 in
793 2774 904 2849 odium,
916 2775 963 2836 bie
978 2776 1008 2836 in
1020 2776 1219 2836 reuerentiam

316 2871 456 2932 uertitur.
1233 2888 1264 2942 ²5

285 2973 304 3030 ‘l
356 2967 399 3028 Te
421 2987 494 3027 uere
515 2967 606 3028 etium
627 2978 719 3046 utque
737 2969 828 3030 etium
848 2971 993 3050 (repetem
1007 2971 1099 3045 enim)
1118 2972 1220 3031 memi-

315 3065 395 3125 nisse
409 3073 532 3144 oportet
545 3065 632 3126 officii
648 3066 692 3125 tui
708 3067 831 3127 titulum
847 3089 880 3127 ac
894 3068 950 3128 tibi
965 3070 1061 3147 ipsum
1075 3070 1221 3149 iuterpre

315 3216 332 3267 3
348 3220 377 3265 et
389 3215 498 3265 nemine
510 3219 537 3266 Ι
550 3215 660 3265 numine
673 3219 732 3276 (om.
748 3219 786 3276 etl
799 3229 817 3265 e
830 3219 934 3266 nomine
951 3216 1057 3267 heroum
1075 3217 1221 3268 dromonum

316 3302 419 3349 butera
429 3304 490 3348 eet·
505 3298 570 3348 uite
602 3297 701 3351 'inilril
710 3314 742 3347 ex
752 3299 903 3363 cuiusquam
916 3300 1085 3349 luctationeu
1111 3301 1220 3349 ltluictu

317 3394 402 3432 enen
420 3382 493 3430 uictu
509 3381 642 3445 uccerierit
657 3380 703 3430 md
720 3380 871 3444 petentibus
888 3380 991 3430 ‹leilerit
1008 3381 1149 3430 Sirleuvuiun
1190 3384 1219 3431 13

318 3461 511 3526 burburumque
523 3472 561 3510 est
576 3462 611 3511 ta
648 3463 676 3510 iu
693 3462 743 3510 uiui
755 3462 799 3526 qui
813 3461 946 3512 humiliet
