2950 4175
293 375 338 422 88.
505 372 535 424 G.
555 371 657 423 PLINI
674 371 818 424 cauom
835 369 990 423 saevum
1012 370 1064 427 45.
1082 368 1142 431 (Vl.
1156 372 1197 430 lt)
1302 446 1305 453 Ι

249 519 281 574 13
336 519 463 578 lnterim
474 538 491 578 e
504 517 635 578 Vesuuio
646 528 750 578 monte
763 518 897 598 pluribus
911 519 942 578 in
953 516 1025 578 locis
1035 516 1197 579 latissimae
1302 504 1305 525 '

295 619 432 677 flammae
452 616 573 694 altaque
594 616 733 677 incendia
753 617 933 689 relucebant,
948 635 1076 695 quorum
1098 615 1198 695 fulgor

294 724 326 775 et
339 715 461 774 claritas
475 713 607 774 tenebris
622 715 718 774 noctis
731 715 926 775 excitabatur.
969 713 1020 774 ille
1032 714 1196 794 agrestium

294 811 497 890 trepidatione
533 811 617 890 ignies
650 811 770 873 relictos
803 812 995 890 desertasque
1022 810 1109 871 uillas
1143 830 1197 889 per

294 908 489 970 solitudinem
503 908 608 969 ardere
622 911 654 969 in
668 909 832 970 remedium
847 909 1014 970 formidinis
1026 907 1193 970 dictitabat.
1226 915 1241 969 5

295 1018 360 1068 tum
389 1027 421 1067 se
448 1007 545 1084 quieti
568 1007 662 1080 dedit,
688 1017 720 1068 et
747 1008 864 1086 quieuit
892 1006 1048 1067 uerissime
1074 1004 1194 1085 quidem

294 1124 406 1164 somno.
451 1124 521 1164 nam
542 1115 658 1165 meatus
677 1105 801 1178 animae,
817 1103 869 1182 qui
885 1103 929 1163 illi
950 1111 1074 1183 propter
1093 1101 1195 1182 ampli-

294 1202 432 1263 tudinem
446 1204 578 1281 corpou‘s
592 1203 714 1283 grauior
726 1210 759 1263 ct
774 1203 928 1263 sonantior
947 1211 1020 1274 erat,
1035 1201 1074 1262 ab
1092 1201 1129 1260 iis
1142 1200 1193 1280 qui

249 1302 281 1357 14
295 1300 391 1360 limini
415 1299 653 1361 obuersabantur
673 1298 861 1365 audiebatur.
907 1298 959 1360 scd
981 1318 1051 1360 arsa
1072 1318 1112 1359 ex
1134 1317 1195 1376 qua

293 1397 395 1458 diaeta
418 1397 561 1458 adibatur
581 1399 625 1458 ita
645 1399 704 1458 iam
726 1399 824 1458 cinere
844 1396 1007 1476 mixtisque
1028 1396 1195 1475 pumicibus
1210 1402 1242 1440 ¹0

293 1496 416 1575 oppleta
439 1507 612 1556 surrexerat
639 1504 681 1567 ut,
707 1495 732 1554 si
761 1495 876 1574 longior
896 1494 928 1553 in
948 1493 1084 1554 cubiculo
1102 1512 1192 1567 mora,

294 1594 394 1654 exitus
416 1602 584 1672 negaretur.
636 1592 786 1652 excitatus
804 1591 939 1670 procedit
960 1609 1050 1669 aeque
1070 1589 1194 1668 Pompo

205 1689 218 1698 ⁰
248 1697 280 1752 15
294 1691 383 1750 niano
402 1692 569 1767 ceterisque
583 1691 635 1767 qui
651 1689 905 1769 peruigilauerant
922 1687 1029 1748 reddit
1073 1689 1104 1746 in
1118 1707 1193 1748 com-

194 1827 196 1832 ·
293 1808 383 1849 mune
398 1788 579 1861 consultant,
596 1789 676 1847 intra
697 1795 777 1847 tecta
794 1787 960 1846 subsistant
980 1804 1019 1845 au
1039 1785 1071 1844 in
1089 1795 1194 1864 aperto

292 1895 451 1967 uagantur.
495 1906 565 1946 nam
593 1885 703 1946 crebris
730 1884 883 1961 uastisque
911 1883 1090 1944 tremoribus
1114 1893 1194 1944 tecta
1210 1892 1239 1944 ι5

292 1985 449 2057 nutabant,
466 1994 498 2044 et
511 1984 597 2062 quasi
612 1991 711 2042 emota
724 1981 845 2042 sedibus
859 1980 920 2041 suis
939 2000 1019 2041 nunc
1037 1980 1094 2042 huc
1116 2000 1194 2041 nunc

246 2092 279 2149 16
293 2083 363 2144 illuc
373 2082 456 2143 abire
466 2093 521 2143 aut
531 2081 634 2143 referri
646 2080 835 2141 uidebantur.
865 2079 920 2141 sub
930 2078 982 2141 dio
991 2100 1093 2141 rursus
1102 2100 1194 2159 quan·

291 2203 382 2261 quam
399 2181 513 2243 leuium
533 2199 749 2259 exesorumque
772 2179 924 2258 pumicum
943 2199 1027 2241 casus
1044 2178 1191 2240 metueba-

292 2289 361 2355 tur3
383 2279 464 2357 quod
479 2288 581 2355 tamen
595 2277 795 2357 periculorum
809 2276 929 2337 collatio
940 2277 1039 2358 elegit
1071 2287 1103 2338 et
1112 2274 1193 2354 apud

292 2377 377 2438 illum
405 2376 529 2456 quidem
557 2377 635 2436 ratio
663 2376 818 2444 rationem,
847 2375 928 2453 apud
955 2375 1029 2436 alios
1057 2374 1193 2434 timorem
1207 2384 1241 2421 ²0

292 2477 384 2536 timor
399 2476 480 2536 uicit.
524 2474 679 2535 ceruicalia
694 2473 841 2552 capitibus
861 2474 1001 2553 imposita
1014 2472 1115 2533 linteis
1128 2491 1195 2532 con·
1286 2520 1289 2525 .

191 2584 237 2665 L
292 2575 465 2653 stringunt:
488 2571 518 2631 id
534 2572 754 2631 munimentum
770 2571 913 2631 aduersus
929 2570 1091 2631 incidentia
1106 2569 1172 2629 fuit.

291 2769 490 2846 densiorquc;
536 2787 625 2846 quam
658 2777 759 2827 tamon
796 2768 872 2828 fnccs
907 2766 1018 2827 multae
1053 2765 1194 2843 uariaque

293 2868 407 2926 lumina
421 2866 601 2925 solabantur.
649 2867 761 2947 placuit
776 2865 875 2946 egredi
895 2865 926 2924 in
944 2864 1015 2923 litus
1034 2875 1065 2923 ct
1079 2882 1116 2922 ox
1130 2882 1195 2941 pro
1209 2874 1239 2926 ²5

296 3020 305 3065 l
325 3016 446 3081 pluribus
464 3018 489 3065 in
508 3015 571 3065 locis
589 3022 613 3065 u
631 3017 750 3081 pluribus
766 3017 829 3065 locis
842 3028 892 3064 oua
924 3013 1063 3078 ‘laltaquc
1077 3016 1102 3061 ll
1115 3019 1195 3076 atque

292 3113 344 3149 oua
384 3098 526 3163 6quidcm
548 3099 610 3149 Mol-⁵
627 3098 746 3164 equidem
765 3112 801 3147 ua
844 3099 869 3145 ll
894 3112 966 3145 utora
985 3103 1053 3144 esset
1072 3094 1159 3143 cxitns
1178 3107 1196 3143 ι

294 3180 441 3231 Cornacates
477 3182 506 3230 13
523 3182 747 3245 peruigilnucrant
762 3185 787 3228 u
803 3177 990 3244 peruigilarent
1004 3187 1055 3225 oua
1091 3176 1118 3228 17
1135 3174 1194 3224 sub·

293 3263 351 3312 dior
369 3278 431 3311 usus
448 3277 482 3312 ou
499 3262 549 3311 sub
565 3262 628 3310 «lim
646 3278 734 3310 rursus
752 3260 833 3309 asub
850 3260 892 3308 dic
910 3274 999 3307 rursus
1016 3261 1041 3306 ll
1082 3258 1111 3305 lt
1128 3255 1194 3321 peri·

293 3346 411 3395 culorum
430 3349 473 3394 Ma
491 3344 616 3393 trialornm
634 3358 668 3393 ou
685 3344 765 3407 clegit
781 3356 832 3392 oua
848 3342 921 3405 eligit
938 3346 963 3389 u
995 3342 1027 3389 at
1044 3338 1196 3388 solabantur

295 3430 398 3479 Certiae
420 3428 475 3476 (ried
497 3427 550 3474 cod.
578 3426 697 3475 lenem.
723 3427 762 3478 47.
789 3427 819 3473 34
842 3428 879 3482 (so
902 3422 971 3480 Keil)
997 3420 1148 3470 solabantur
1169 3425 1196 3469 Μ

295 3511 415 3560 solebant
430 3523 464 3558 ou
481 3507 619 3558 solucbant
637 3505 671 3556 Fa
