2950 4175
241 375 243 378 ’
319 381 372 457 54.Ἰ
388 379 513 441 (vum)
566 377 764 428 EPISTVLAE
781 377 969 429 SELECTAE.
1171 375 1218 424 105

318 523 465 586 obtinenti
500 522 633 581 Africam
667 542 765 582 comes
799 524 952 583 haeserat:
995 521 1138 582 inclinato
1167 518 1217 578 dic

318 621 503 700 spatiabatur
526 620 556 678 in
584 619 717 697 porticu:
753 621 881 695 offertur
904 622 931 680 ei
960 619 1092 679 mulieris
1121 617 1218 696 figura

318 720 448 778 humana
460 717 602 797 grandior
613 716 821 795 pulchriorque
832 743 838 778 :
859 719 1020 797 perterrito
1030 715 1164 775 Africam
1175 733 1214 785 se,

318 816 488 874 futurorum
502 813 718 892 praenuntiam,
734 813 832 888 dixit3
852 816 966 874 iturum
981 816 1062 875 enim
1079 813 1215 881 Romam,

291 912 502 988 §honoresque
537 920 701 989 gesturum,
737 920 829 988 atque
865 914 955 972 etiam
992 933 1059 972 cum
1099 929 1217 971 summo

316 1009 441 1086 imperio
468 1009 500 1066 in
524 1007 648 1066 eandem
679 1008 863 1084 prouinciam
891 1029 1090 1082 reuersurum,
1115 1008 1218 1086 ibique

317 1106 502 1164 moriturum.
545 1104 623 1163 facta
647 1115 719 1164 sunt
739 1106 846 1165 omnia.
889 1114 1043 1183 praeterea
1062 1104 1248 1167 accedenti3

317 1202 529 1282 Carthaginem
540 1201 765 1282 egredientique
776 1223 853 1262 naue
864 1204 967 1263 eadem
979 1206 1075 1284 figura
1085 1204 1117 1263 in
1128 1203 1217 1263 litore

316 1301 477 1360 occurrisse
505 1308 650 1359 narratur.
706 1300 771 1378 ipse
798 1308 879 1360 certe
909 1301 1073 1380 implicitus
1101 1301 1214 1372 morb0,
1255 1325 1257 1330 ·

275 1397 418 1458 rolmara
438 1398 615 1476 praeteritis,
635 1396 761 1457 aduersa
782 1397 919 1457 secundis
940 1406 1113 1479 auguratus,
1133 1418 1217 1477 spem

316 1494 420 1554 salutis
435 1495 517 1555 nullo
531 1514 653 1555 suorum
666 1493 844 1572 desperante
858 1495 990 1573 proiecit.
1277 1505 1308 1550 „i

357 1593 419 1652 Iam
444 1592 519 1652 illud
542 1613 639 1652 nonne
664 1599 695 1652 et
718 1593 812 1672 magis
834 1593 967 1652 terribile
989 1600 1020 1653 at
1040 1614 1099 1654 non
1117 1594 1247 1655 minus4
1299 1603 1301 1606 '

316 1691 425 1750 mirum
444 1700 497 1763 est,
514 1690 594 1768 quod
614 1710 761 1769 exponam
782 1699 817 1749 ut
837 1691 959 1768 accepit
1001 1698 1065 1749 erat
1085 1690 1247 1758 Athenis5

315 1789 446 1868 spatiosa
472 1797 504 1848 et
530 1809 624 1867 capax
651 1787 766 1862 domus,
789 1787 841 1848 sed
864 1788 984 1847 infamis
1006 1796 1039 1849 et
1062 1788 1214 1867 pestilens.

274 1902 301 1953 ις
315 1906 368 1964 per
381 1886 534 1946 silentium
545 1887 639 1945 noctis
653 1905 744 1946 sonus
754 1885 832 1958 ferri,
846 1895 878 1945 et
891 1886 915 1945 si
926 1886 1098 1946 attenderes
1108 1886 1215 1959 acrius,

315 1984 458 2062 strepitus
472 1983 660 2044 uinculorum
673 1983 791 2061 longius
806 1984 911 2062 primo,
923 1983 1033 2045 deinde
1047 2005 1063 2044 e
1078 1984 1217 2063 proximo
1246 1997 1255 2033 t

315 2081 513 2143 reddebatur:
545 2103 615 2142 mox
638 2082 802 2162 apparebat
825 2081 935 2155 idolon‚
958 2103 1049 2143 senex
1070 2083 1164 2144 macie
1186 2090 1218 2144 et

314 2179 450 2257 squalore
471 2181 630 2253 confectus,
649 2181 794 2259 promissa
814 2180 913 2253 barba
935 2180 1069 2242 horrenti
1091 2180 1217 2261 capillo:

314 2278 450 2337 eruribus
470 2278 635 2354 compedes,
658 2278 795 2337 manibus
816 2285 935 2338 catenas
959 2279 1083 2359 gerebat
1103 2278 1218 2357 quatio·

270 2397 301 2431 20
315 2376 433 2453 batque.
476 2374 545 2435 inde
566 2375 804 2435 inhabitantibus
827 2376 928 2435 tristes
950 2376 1092 2453 (litaeque
1114 2378 1247 2437 noetcst

314 2493 368 2553 per
381 2482 495 2533 metum
504 2472 724 2553 uigilabantur:
745 2473 878 2553 uigiliam
890 2474 1011 2534 morbus
1023 2483 1054 2535 et
1065 2482 1218 2536 crescente

314 2571 472 2631 formidine
500 2591 579 2630 mors
603 2571 791 2649 sequebatur.
835 2591 904 2630 nam
930 2571 1065 2632 interdiu
1086 2591 1217 2651 quoque,

314 2689 494 2748 quamquam
531 2668 712 2729 abscesserat
746 2669 853 2748 imago,
890 2670 1033 2729 memoria
1077 2668 1218 2749 imaginis

314 2766 406 2827 oculis
423 2767 581 2839 inerrabat,
597 2766 770 2844 longiorque
788 2767 883 2826 causis
901 2767 1017 2827 timoris
1035 2768 1127 2827 timor
1141 2774 1214 2827 crat.

269 2886 300 2935 25
314 2866 431 2926 deserta
453 2865 522 2925 inde
546 2877 576 2925 et
599 2865 741 2925 damnata
767 2865 928 2925 solitudine
953 2866 1068 2937 domus
1092 2874 1218 2943 totaque

314 2963 358 3022 illi
379 2975 513 3023 monstro
534 2962 636 3023 relicta
647 2987 654 3036 ;
682 2963 921 3043 proscribebatur
942 2972 1050 3035 tamen,
1075 2982 1128 3022 scu
1148 2961 1217 3041 quis

315 3081 420 3133 emere,
435 3082 489 3121 seu
502 3063 569 3140 quis
583 3061 746 3121 conducere
762 3062 883 3141 ignarus
898 3062 975 3120 tanti
990 3060 1062 3120 mali
1077 3059 1177 3121 uellet

348 3230 386 3271 u
413 3223 575 3288 lquaestori
598 3223 728 3273 obtinenti
751 3223 868 3273 Africam
891 3223 1034 3273 Mamertae
1086 3225 1119 3272 ‘24
1148 3223 1216 3272 iner-

315 3305 390 3355 rabat
401 3310 461 3356 Uou
474 3306 626 3355 inhaerebat
641 3320 658 3355 ι
674 3307 826 3370 longiorque
842 3307 926 3355 causis
943 3305 1046 3355 timoris
1062 3306 1143 3355 timor
1158 3309 1218 3353 erat

314 3401 348 3436 ou
360 3388 511 3452 longiorque
523 3388 608 3437 causis
620 3388 697 3437 timor
708 3396 765 3436 erat
776 3392 803 3437 Μ
815 3388 991 3452 longiorisque
1006 3402 1099 3436 caussa
1113 3385 1217 3436 timoris

315 3471 394 3518 timor
404 3478 461 3518 erat
472 3483 489 3518 ι
522 3470 553 3519 25
571 3468 707 3519 solitudini
720 3469 843 3519 Heinsius
