2950 4175
291 379 347 434 25.
365 375 429 437 (111.
439 376 466 436 7)
538 375 736 425 EPISTVLAE
759 373 947 426 SELECTAE.
1161 374 1195 421 55

214 546 256 602 :22
283 521 410 601 .Vergili
433 530 504 579 ante
527 540 635 589 omncs
660 521 743 579 citius
765 520 894 579 natalem
916 519 1083 599 religiosius
1103 538 1193 594 quam

290 639 380 680 suum
402 616 580 686 celebrabat,
601 617 725 695 Neapoli
745 619 881 690 maxime,
905 618 954 677 ubi
976 617 1193 676 monimentum

289 719 357 776 eius
371 714 455 774 adire
470 725 504 772 ut
519 714 661 792 templum
677 715 799 774 solebat.

333 813 370 872 In
390 813 446 872 hac
465 810 683 888 tranquillitate
711 833 822 871 annum
851 813 989 890 quintum
1018 824 1049 871 et
1077 821 1193 889 septua-
1223 816 1239 873 9

257 931 274 983 5
288 908 1052 992 gensimumexcessit.(lelieatomagiseorporcquam
1063 909 1193 976 inlinno3

290 1019 387 1086 utque
403 1007 581 1067 nouissimus
599 1027 615 1065 a
634 1006 753 1067 Nerone
771 1008 868 1067 iactus
886 1018 932 1068 est
950 1008 1061 1080 consul,
1082 1007 1126 1066 ita
1145 1027 1194 1085 po·

289 1103 686 1180 stremusexomnilmsquos
698 1103 779 1164 Nero
790 1105 924 1164 consules
934 1105 1046 1165 fecerat
1057 1105 1191 1165 decessit.
1247 1143 1253 1155 .

289 1203 368 1265 illud
390 1203 482 1262 etiam
505 1201 642 1263 notabile.
666 1201 789 1260 ultimus
817 1221 854 1260 ex
883 1201 1062 1262 Neronianis
1091 1212 1239 1269 consu-10

289 1301 405 1360 laribus
434 1298 511 1358 obiit
538 1318 597 1376 quo
624 1297 743 1357 consule
772 1297 852 1357 Nero
881 1300 977 1377 periit.
1035 1300 1115 1377 quod
1145 1320 1193 1358 nic
1259 1337 1272 1346 -

243 1417 277 1454 ιο
289 1397 500 1458 recordantem
528 1396 699 1475 fragilitatis
734 1394 880 1454 humanae
916 1396 1066 1466 miseratio
1102 1397 1190 1456 saliit,

289 1495 365 1574 quid
380 1495 460 1555 enim
476 1501 539 1552 tem
553 1492 764 1565 circumcisum,
782 1503 842 1552 tarn
858 1493 948 1553 breue
963 1515 1052 1571 qnam
1065 1496 1192 1554 hominis
1206 1500 1237 1556 11

290 1595 357 1654 uita
378 1592 570 1672 longissima?
609 1612 646 1649 an
672 1611 731 1649 non
760 1590 881 1650 uidetur
909 1590 963 1650 tibi
993 1591 1075 1651 Nero
1104 1593 1192 1652 morlo

290 1693 381 1752 modo
396 1691 507 1750 luisscl
527 1710 591 1748 eum
607 1689 727 1747 interim
742 1709 779 1748 ex
794 1689 829 1747 iis
843 1689 894 1766 qui
910 1689 966 1748 suli
977 1688 1028 1748 illo
1039 1702 1193 1767 gesserant

290 1783 482 1851 consulatum
496 1808 582 1846 nemo
597 1788 654 1845 ianr
669 1797 812 1865 superest.
855 1807 1024 1864 quanquam
1045 1788 1116 1864 quid
1138 1788 1192 1847 hoc
1206 1797 1238 1854 12

200 1942 203 1947 .
249 1899 278 1952 ¹5
291 1888 404 1948 miror'l
425 1905 520 1965 nuper
531 1884 563 1944 L.
577 1884 653 1955 Piso,
667 1894 751 1963 pater
763 1884 878 1943 Pisonis
890 1884 969 1943 illius
980 1886 1030 1962 qui
1043 1908 1059 1942 a
1073 1885 1192 1943 l'alerio

199 1985 272 2056 ini?
291 1986 383 2047 Festo
410 2005 464 2064 per
490 2004 637 2042 summum
665 1983 779 2042 facinus
807 1983 836 2040 in
866 1983 967 2042 Africa
995 1983 1107 2062 occisus
1137 1993 1190 2055 cst,

261 2074 265 2079 .
292 2085 391 2145 (licere
402 2082 517 2143 solebat
529 2081 674 2141 nerninem
685 2101 715 2140 se
726 2080 827 2140 uiclcrc
836 2080 866 2140 in
877 2092 981 2140 senatu
992 2103 1079 2159 quent
1090 2082 1191 2141 corisul

292 2184 355 2263 ipse
376 2181 557 2242 sententiam
586 2178 756 2259 rogauisset.
802 2189 864 2238 tam
893 2180 1028 2258 angustis
1056 2180 1192 2239 terminis
1206 2188 1239 2245 13

293 2290 396 2341 tantae
418 2277 620 2338 multitudinis
650 2275 794 2335 uiuacitas
823 2276 886 2355 ipsa
914 2276 1118 2336 coirelrulitnr!
1159 2287 1192 2336 ut

252 2379 365 2439 mmihi
396 2397 455 2436 non
484 2377 570 2435 uenia
599 2374 693 2433 sulum
722 2372 830 2453 dignae
859 2395 962 2433 uerum
989 2376 1078 2433 ctiam
1105 2374 1191 2433 lruulc

293 2476 454 2537 uideantur
469 2474 536 2533 illac
551 2474 648 2552 regiae
665 2472 807 2531 lacrimae.
853 2492 920 2530 narn
941 2473 1040 2531 ferunt
1060 2473 1190 2544 Xerxen,

293 2595 359 2635 curn
376 2573 553 2631 immensum
570 2570 732 2630 exereitum
749 2570 841 2629 <millis
856 2570 974 2641 oliissct,
991 2570 1190 2641 illacrimasse,

293 2670 374 2749 quod
390 2679 436 2729 tot
452 2668 571 2728 milibus
585 2679 646 2728 tam
661 2667 760 2727 breuis
780 2667 950 2727 immineret
968 2689 1094 2728 occasus.
1139 2669 1190 2729 scil
1206 2671 1239 2727 14

294 2777 380 2827 tanto
415 2766 509 2846 inagis
541 2766 595 2825 hoc
623 2764 764 2841 quiequid
794 2777 838 2824 est
867 2766 1009 2843 telamonis
1031 2765 1140 2825 futtilis
1162 2777 1192 2824 ct

254 2865 405 2934 utatur-i,
429 2866 452 2922 si
476 2885 532 2921 nou
555 2863 744 2922 ‹laturlactis
766 2868 846 2935 (trani
877 2864 981 2921 horum
1008 2863 1131 2921 nnumin
1163 2864 1190 2920 in

293 2963 390 3022 alicua
411 2962 522 3028 marin).
546 2959 752 3019 corrosorius
775 2961 965 3038 prnlmannrs,
990 2973 1018 3018 ct
1044 2975 1193 3036 quatenus

296 3061 380 3120 nobis
398 3059 565 3139 denegatur·
584 3057 635 3116 (lin
655 3057 765 3128 itinere,
787 3057 988 3135 relinquamus
1005 3057 1116 3134 aliquiil
1133 3078 1193 3134 quo

297 3222 306 3268 l
320 3218 423 3283 ucrgilii
436 3222 500 3266 ssva
510 3216 608 3279 uirgilii
620 3220 672 3265 fou
701 3218 717 3264 5
728 3216 840 3263 excessit
852 3215 933 3264 uvi-'a
945 3215 1056 3264 ‹leressit
1070 3214 1121 3270 ule-
1136 3230 1195 3263 orer

294 3318 395 3350 amrin·
408 3305 437 3358 F)
449 3305 501 3359 fou
536 3301 565 3347 r}
579 3298 655 3347 niolo
667 3297 743 3345 morlo
755 3302 801 3346 HV
813 3297 888 3345 nnus
903 3303 971 3346 roua
1009 3300 1035 3345 13
1051 3299 1082 3345 iis
1094 3302 1129 3344 Pa
1142 3297 1194 3344 illis

295 3384 386 3433 ouilia
404 3386 450 3430 HV
482 3383 514 3429 23
532 3380 603 3428 breui
625 3379 773 3428 Lesrtouar
805 3380 835 3427 2⁴
857 3387 931 3427 tanto
949 3385 1018 3428 roua
1034 3396 1065 3427 eo
1082 3383 1130 3426 HV
1162 3380 1195 3429 2ss

294 3474 366 3514 certe
377 3469 448 3513 roua
459 3478 506 3511 noe
516 3472 588 3511 certe
598 3465 624 3509 it
636 3476 741 3509 noscere
753 3464 789 3519 (at
801 3460 850 3508 eud
862 3460 960 3521 ‹alta›
972 3465 993 3509 V
