2950 4175
324 365 375 418 76.
393 363 437 422 (X.
450 365 492 420 aa>
574 360 771 412 EPISTVLAE
789 360 978 414 SELEOTAE.
1176 390 1220 442 137

324 509 424 565 omnia
453 509 569 586 integra
595 506 720 564 inanitati
751 519 820 564 tuae
847 526 1046 574 reseruarmrt.
1090 527 1221 591 maluere

324 605 378 664 hoo
407 605 506 683 potius
536 617 668 681 tempere
697 625 743 663 me
771 614 886 683 patrem
915 605 987 680 fieri,
1014 632 1073 689 quo
1101 620 1221 686 futurus

323 722 416 761 essem
432 714 463 762 et
477 723 596 761 securus
611 716 641 761 et
656 702 736 762 felix.

626 904 675 958 75.
712 905 754 962 (X.
776 907 808 955 3a
827 905 903 966 [20].)

294 1031 308 1083 5
456 1018 484 1069 C.
507 1017 651 1069 PLINIVS
668 1019 831 1070 TRAIANO
852 1018 1088 1077 IMPERATORI.

364 1132 410 1191 Ut
434 1134 561 1211 primum
585 1153 639 1206 me,
665 1134 792 1206 dominc,
819 1133 1009 1213 indulgentia
1034 1153 1133 1202 nostra
1157 1150 1250 1224 pro-1

324 1231 419 1289 mouit
453 1230 491 1289 ad
528 1232 743 1310 praefecturam
778 1232 884 1292 aerarii
920 1231 1051 1307 Saturni,
1084 1242 1222 1301 omnibus

322 1327 576 1401 atluoeatienibus
601 1331 709 1408 quibus
732 1330 843 1409 alioqui
873 1350 1025 1407 nunquam
1054 1353 1134 1396 eram
1157 1359 1222 1416 pro

323 1426 433 1485 miscuo
458 1426 587 1501 functus
614 1431 791 1501 romaniani,
819 1438 854 1488 ut
875 1437 940 1487 tete
961 1429 1062 1488 arrimo
1083 1433 1222 1516 delegato

281 1547 310 1581 ιο
323 1523 395 1582 milri
411 1525 505 1584 efficio
527 1546 671 1587 necarem.
714 1548 771 1604 qna
794 1547 830 1586 ex
853 1547 948 1596 eausa,
972 1546 1039 1584 eum
1063 1540 1252 1606 patronumt

323 1642 369 1680 me
386 1623 580 1700 prmriueiales
595 1635 746 1703 optassent
763 1633 866 1683 eorrtra
882 1622 1011 1682 Marium
1031 1623 1174 1702 Priscum,
1191 1641 1222 1690 et

323 1721 394 1797 petii
414 1722 531 1779 ueniam
553 1722 641 1780 huius
663 1724 793 1781 annueris
815 1731 846 1781 et
867 1722 1036 1800 impetraui.
1080 1725 1131 1784 secl
1154 1748 1221 1787 cum

323 1831 425 1896 postea
446 1819 547 1878 consul
570 1820 743 1900 ‹lesigrmtus
767 1819 931 1880 censuisset
952 1820 1102 1899 agornlum
1127 1825 1222 1884 nobis-

321 1937 397 1988 cum,
421 1938 547 1995 qnorum
569 1928 634 1977 erat
654 1919 806 1978 excusatio
828 1926 955 1997 recepta,
980 1927 1015 1976 ut
1037 1939 1169 1979 essemus
1190 1923 1220 1981 in

279 2030 306 2082 15
321 2027 442 2075 senatus
471 2026 620 2096 potestate
650 2032 878 2097 pateremurque
912 2016 1034 2075 uomina
1060 2027 1161 2076 nostra
1190 2020 1221 2078 in

322 2135 425 2173 urnam
452 2116 553 2187 conici,
580 2116 894 2175 cernrenientissimum
920 2135 983 2174 esse
1007 2116 1222 2193 tranquillitati

320 2212 428 2273 sacculi
439 2214 483 2271 tui
496 2214 608 2292 putaui,
620 2214 793 2292 praesertim
806 2222 868 2272 tam
879 2213 1059 2284 moderatae,
1072 2213 1222 2275 uoluntati

319 2310 493 2389 amplissimi
509 2310 621 2370 culinis
637 2333 694 2370 uon
712 2331 885 2391 repugnare.
929 2312 976 2370 cui
992 2311 1136 2389 obsequie
1155 2328 1251 2383 meo3

320 2421 392 2487 opto
407 2422 442 2467 ut
457 2410 608 2468 existimes
623 2421 757 2469 constare
774 2409 928 2481 rationem,
945 2430 1011 2469 eum
1028 2412 1127 2469 onmia
1143 2410 1222 2471 faeta

274 2524 306 2559 20
319 2505 459 2584 dictaque
470 2528 535 2565 mea
544 2507 668 2585 probare
678 2508 871 2567 sanctissimis
880 2508 1011 2567 moribus
1024 2509 1084 2568 tuis
1093 2509 1219 2588 cupiam.
1293 2590 1296 2598 Ι

631 2709 680 2765 76.
716 2710 760 2769 (X.
780 2711 813 2759 aa
830 2710 905 2771 [21].)

599 2826 784 2877 TRAIANVS
803 2826 932 2876 l'LlNlO.

361 2940 395 2998 lit
412 2942 486 2999 riuis
500 2953 531 2999 et
546 2944 691 3000 senatoris·
706 2943 774 3000 lauri
790 2943 926 3021 partibus
944 2943 1066 3003 functus
1086 2964 1117 3001 rs
1138 2944 1219 3004 obsc-

318 3040 420 3115 quimu
441 3039 612 3117 atriplissimi
638 3040 758 3109 casalinis,
781 3041 860 3117 qmnl
886 3042 1045 3101 iustissime
1069 3042 1216 3119 erigena,

274 3153 304 3202 25
319 3136 505 3214 psat-stando.
549 3158 622 3214 quas
652 3153 749 3215 partes
776 3138 968 3217 impleturum
999 3151 1028 3198 te
1054 3140 1216 3199 seeundum

318 3249 483 3313 sust-eptam
501 3235 587 3292 litlrm
604 3237 725 3294 rrmlirlu.

352 3376 391 3415 Ἠ
415 3372 421 3416 l
445 3369 556 3416 malma-v
572 3369 591 3416 Ι.
610 3371 640 3417 ,1.
660 3370 786 3416 lit-mann.
801 3370 906 3418 ittatlnla

352 3457 390 3497 ’16
412 3452 440 3499 13
456 3452 599 3499 ccrrsrtisset
613 3452 741 3514 aga-iulum
754 3460 878 3499 (iratum
890 3454 1034 3501 corisuisses
1050 3453 1187 3501 teotradum
1200 3468 1217 3502 a
