2950 4175
307 382 356 433 no
509 380 539 434 e.
558 378 661 431 rann
676 377 821 432 canem
838 376 995 430 saevum
1013 378 1066 437 so.
1079 376 1208 443 (amn

307 526 440 588 Homero
464 535 495 587 et
517 524 619 585 mollia
641 524 786 585 uocabula
807 533 838 586 et
857 523 972 586 Graeca
991 524 1029 585 ad
1050 524 1207 586 leuitatem

306 643 410 685 uersus
421 622 603 694 contrahere,
616 620 787 692 extendere,
800 622 959 694 inflectere,
971 641 1025 683 eur
1033 621 1091 684 tibi
1101 621 1207 683 similis

306 722 455 794 audentia,
472 720 647 799 praesertim
661 739 721 779 non
735 719 863 781 delicata
873 720 926 782 sed
937 720 1108 793 necessaria,
1121 739 1208 800 nege-

193 883 199 893 ,
278 823 378 880 5turl
419 817 544 898 proinde
559 817 623 878 iure
637 826 743 879 uatum
761 820 908 883 introeatis
926 819 981 894 dis,
998 827 1029 881 et
1042 820 1122 881 inter
1135 818 1208 880 deos

307 919 371 996 ipso
395 917 478 977 cuius
506 935 561 988 res,
586 935 684 996 opera,
710 917 834 978 consilia
857 917 992 980 dictunrs
1014 936 1054 990 es,
1076 917 1208 978 immitte
1238 927 1253 981 5

307 1015 456 1086 rudentes,
473 1013 571 1092 pende
585 1013 661 1089 uela,
676 1035 710 1075 ac
724 1016 750 1076 si
764 1015 885 1095 qnando
903 1015 985 1088 alias,
1001 1023 1067 1076 toto
1086 1014 1208 1095 ingenio

306 1113 422 1174 uehere
453 1131 506 1172 our
516 1111 596 1172 enim
610 1132 671 1174 non
685 1131 742 1193 ego
755 1132 875 1192 quoque
888 1114 1005 1194 poetice
1018 1132 1086 1174 cnm
1095 1115 1207 1192 poctal

277 1210 293 1267 6
346 1208 427 1269 Illud
444 1209 503 1270 iam
522 1229 602 1270 nunc
619 1211 770 1289 paciscor:
792 1210 889 1290 pn'ma
906 1229 1044 1290 quaeque
1065 1217 1101 1270 ut
1113 1209 1208 1271 absol-

226 1385 230 1392 Ι
306 1307 393 1381 ueris,
409 1307 533 1382 mittito,
552 1307 644 1369 immo
665 1308 757 1369 etiam
774 1315 846 1369 ante
860 1327 951 1387 quam
966 1306 1112 1382 absoluat,
1127 1307 1207 1369 sieut

306 1411 395 1465 erunt
409 1405 539 1465 recentia
553 1413 585 1466 et
602 1404 690 1465 rudia
708 1413 741 1466 et
758 1404 857 1466 adhuc
877 1404 986 1465 similia
1006 1404 1205 1466 nascentibus.
1223 1416 1253 1452 ¹0

275 1501 497 1582 ‘lrespondebis
520 1523 581 1563 non
605 1522 691 1583 posse
709 1502 834 1583 perinde
852 1502 979 1581 carptim
998 1509 1034 1563 ut
1053 1510 1204 1578 contexta,

304 1598 428 1680 perinde
441 1599 581 1662 incohata
594 1599 710 1679 plaeere
724 1607 761 1660 ut
775 1600 886 1660 effecta
927 1598 1006 1660 seio:
1025 1597 1128 1679 itaque
1141 1608 1174 1661 et
1188 1620 1206 1661 a

306 1716 353 1758 me
366 1698 605 1758 aestimabuntur
615 1705 651 1758 ut
661 1705 775 1776 coepta,
788 1696 1004 1774 spectabuntur
1015 1704 1051 1756 ut
1060 1696 1203 1771 membra,

305 1803 529 1875 extremamque
553 1795 656 1856 limam
683 1803 768 1855 tuam
802 1794 997 1873 opperientur
1030 1794 1063 1854 in
1095 1794 1206 1856 scrinio

305 1900 414 1953 nostro.
458 1902 561 1973 patere
585 1892 641 1953 hoc
665 1912 713 1953 me
737 1910 828 1971 super
846 1899 946 1952 cetera
967 1890 1076 1953 habore
1095 1893 1251 1959 amoris15

304 1990 350 2050 tui
364 1989 480 2070 pignus,
497 1998 532 2050 ut
551 2009 587 2051 ea
604 2008 725 2069 quoque
745 1988 842 2050 norim
861 2008 938 2068 quae
953 2008 1037 2050 nosse
1055 1989 1205 2051 neminem

275 2085 404 2148 duelles.
447 2090 477 2147 in
497 2107 620 2161 summa,
637 2096 743 2168 petere
762 2086 888 2149 fortasse
906 2086 1017 2167 scripta
1036 2095 1089 2148 tua
1108 2089 1206 2170 magis

305 2186 437 2265 probare,
453 2185 583 2259 laudare,
603 2195 718 2265 quanto
740 2186 792 2247 illa
811 2185 928 2246 tardius
945 2186 1129 2266 nudusque,
1150 2186 1204 2248 sed

304 2282 401 2362 ipsum
417 2293 447 2343 te
461 2283 557 2364 magis
566 2283 681 2357 amabo,
694 2283 789 2363 magis
802 2281 939 2356 laudabo,
953 2290 1066 2363 quanto
1079 2283 1205 2345 celerius

304 2389 336 2441 et
349 2381 497 2441 incautius
511 2381 634 2441 miseris
679 2380 754 2441 uale.
1218 2394 1251 2431 20

611 2669 686 2738 ’σι
722 2679 812 2741 (vm-
831 2683 869 2744 8.)

205 2764 246 2829 ‘a
503 2792 531 2844 e.
555 2792 699 2843 rmurvs
717 2793 872 2845 nomano
889 2793 956 2846 svo
972 2795 998 2847 s.

243 2904 246 2911 ¹
274 2929 289 2984 1
344 2924 492 2984 Vidistine
520 2924 682 3003 aliquando
703 2924 889 2987 Clitumnum
908 2927 1044 2990 fontcml
1085 2931 1108 2990 si
1131 2950 1202 2990 noa-

302 3023 374 3083 dum
389 3024 434 3101 (ct
447 3032 522 3101 puto
537 3023 690 3096 nondum3
710 3023 821 3102 alioqui
839 3045 988 3085 narrasses
1008 3027 1103 3105 mihi),
1121 3027 1199 3100 uide,

302 3140 389 3199 quoru
405 3140 460 3201 ogo
475 3120 623 3199 (paenitet
637 3121 802 3198 tarditatis)
817 3123 952 3200 proxime
966 3124 1037 3184 uidi.
1216 3149 1245 3201 ²3

272 3219 290 3275 2
343 3217 478 3278 Modicus
493 3216 576 3277 collis
586 3216 731 3297 adsurgit,
744 3219 867 3297 antiqua
879 3239 1017 3299 cupresso
1028 3241 1202 3284 nemorosus

301 3382 318 3430 3
339 3396 390 3429 non
410 3380 531 3429 detorti
575 3383 590 3427 4
614 3381 683 3428 inter
703 3378 766 3429 aeos
788 3381 845 3445 ipso
863 3395 881 3431 a
904 3382 1043 3432 Beroaldus
1066 3384 1135 3433 iuter
1156 3402 1201 3434 cos

303 3465 394 3526 ipsoll
430 3465 445 3509 ll
462 3462 567 3510 raittca
604 3463 632 3510 19
649 3461 943 3526 rrragisquclaurlalroll
