2950 4175
280 419 296 469 8
487 414 516 467 C.
536 415 637 467 PLINI
653 414 800 469 cauom
816 412 974 469 suevum
1059 412 1092 471 5.
1110 412 1144 475 (Ι.
1154 412 1182 475 d)

251 564 383 644 2plenas
406 572 507 621 tamen
529 580 610 621 ceras
630 569 821 640 reportarem.
868 580 928 622 non
947 559 1098 639 estquod
1115 578 1182 621 con·

281 672 397 722 temnas
420 659 475 719 hoc
497 658 637 718 studendi
660 679 763 737 genus.
805 659 915 719 mirum
937 666 1042 719 estut
1063 658 1182 719 animus

280 753 445 834 agitatione
467 761 609 829 motuque
624 752 755 831 corporis
768 752 925 813 excitetur.
971 752 1032 812 iam
1046 750 1182 841 Qc

280 852 373 913 siluae
404 860 436 910 et
463 847 594 909 solitudo
621 848 779 927 ipsumque
810 848 887 910 illud
917 848 1072 909 silentium
1098 847 1181 927 quod

281 935 433 1009 uenationi
448 946 539 1006 datur
553 964 661 1023 magna
678 945 868 1026 cogitationis
885 947 1081 1008 incitamenta
1098 953 1179 1007 sunt.
1210 966 1223 1019 5

251 1055 269 1111 3
281 1045 405 1126 proinde
415 1064 485 1104 cum
499 1043 653 1116 renebera
666 1043 768 1103 licebit
781 1052 903 1105 auctore
915 1064 964 1105 mc
977 1052 1014 1105 ut
1022 1044 1182 1124 panarium

281 1151 312 1204 et
334 1140 524 1221 lagunculam
542 1142 583 1202 sic
601 1141 692 1201 ctiam
710 1139 871 1221 pugillares
889 1140 974 1202 feras.
1018 1140 1182 1221 experieris

281 1261 341 1301 non
363 1240 491 1300 Dianam
514 1240 608 1321 magis
630 1238 782 1299 montibus
798 1258 890 1317 quam
912 1238 1082 1299 Mineruam
1105 1238 1182 1300 iner-

280 1357 354 1398 rare.
397 1336 472 1397 ualc.

630 1549 682 1623 lc.
718 1566 750 1629 (L
769 1568 807 1628 o.)
992 1642 995 1647 ³
1197 1602 1224 1640 ω

385 1684 413 1734 c.
434 1682 580 1734 renuvs
598 1681 745 1734 numero
763 1679 938 1733 rvunnuo
955 1679 1022 1733 svo
1039 1679 1065 1732 S.

188 1783 210 1900 i
252 1805 267 1861 l
322 1800 435 1862 Mirum
455 1809 500 1860 est
516 1819 606 1877 quam
623 1798 749 1879 singulis
766 1797 871 1858 diebus
889 1796 921 1857 in
940 1797 1013 1858 urbe
1031 1797 1110 1858 ratio
1127 1807 1182 1859 aut

281 1905 399 1958 constet
412 1906 466 1956 aut
479 1904 614 1956 constare
629 1895 776 1970 uideatur,
788 1893 923 1975 pluribus
936 1895 1106 1973 iunctisque
1120 1914 1182 1956 non

251 2002 406 2061 2constct.
444 2014 512 2053 nam
526 1994 552 2053 si
565 2013 654 2071 quem
668 1994 836 2073 interroges
852 1991 954 2053 ‘hodic
967 1992 1041 2071 quid
1056 1992 1180 2073 egistil’‚

281 2093 461 2173 respondeat
478 2093 589 2153 ‘officio
603 2102 691 2174 togae
706 2091 801 2152 uirilis
816 2091 949 2165 interlui,
964 2092 1114 2171 sponsalia
1127 2099 1183 2153 aut
1200 2115 1208 2151 ι
1213 2113 1224 2166 5

281 2192 402 2272 nuptias
430 2191 628 2270 frequentaui,
656 2190 707 2251 ille
740 2210 788 2251 me
815 2189 854 2250 sd
881 2189 1060 2271 signandum
1092 2198 1183 2252 testo·

280 2300 423 2363 mentum,
462 2289 512 2349 illc
548 2290 579 2349 in
610 2289 845 2361 aduocationem,
879 2288 930 2348 illc
961 2289 991 2348 in
1023 2288 1182 2349 consilium
1207 2273 1216 2284 ’

251 2388 418 2470 3r0gauit.’
468 2388 539 2448 haec
561 2408 621 2466 quo
643 2387 692 2447 die
713 2386 817 2447 leceris
840 2387 1009 2459 neccssaria,
1026 2386 1139 2459 cadem,
1156 2387 1181 2446 si

280 2486 389 2548 cotidie
417 2485 521 2545 fecisse
550 2494 582 2545 to
615 2478 742 2564 reputes,
772 2484 873 2544 inania
899 2483 1049 2556 uidentur,
1084 2482 1182 2544 multo

281 2586 375 2666 magis
403 2605 470 2645 cum
500 2586 660 2646 secesseris.
703 2595 776 2645 tunc
800 2582 880 2643 enim
905 2581 986 2641 subit
1013 2581 1224 2646 recordatione

172 2685 215 2782 L
283 2692 373 2762 ‘quot
387 2682 451 2743 dics
466 2703 557 2761 quam
571 2684 688 2765 frigidis
702 2683 791 2743 robus
804 2680 955 2759 absumpsi
966 2678 990 2739 l'

250 2782 268 2836 4
320 2780 408 2856 Quod
423 2782 525 2841 cucnit
540 2781 620 2853 mihi,
634 2793 791 2860 postquam
806 2780 836 2839 in
848 2778 1031 2838 Laurentino
1045 2798 1112 2837 mco
1126 2788 1181 2837 aut

281 2880 347 2960 logo
360 2878 474 2957 aliquid
490 2892 544 2938 aut
558 2879 653 2939 scribo
674 2890 727 2937 aut
749 2878 839 2937 etiam
860 2876 974 2955 corpori
997 2895 1078 2947 unco,
1094 2875 1180 2935 cuius

250 2976 267 3031 5
281 2978 401 3037 fulturis
416 2977 533 3036 animus
547 2977 720 3036 sustinetur.
763 2976 835 3035 nihil
851 2974 941 3035 audio
955 2973 1035 3052 quod
1049 2972 1177 3045 audisse,

281 3074 353 3135 nihil
380 3074 446 3133 dico
471 3073 550 3152 quod
576 3074 686 3133 dixisse
712 3073 882 3151 proritent:
915 3092 1001 3131 uenio
1026 3092 1072 3130 nrc
1097 3070 1177 3149 apud
1193 3092 1223 3145 ²5

280 3193 461 3252 quemquam
477 3171 605 3231 sinistris
619 3169 804 3230 sermonibus
819 3169 922 3248 carpit,
944 3169 1091 3228 nominem
1114 3168 1177 3246 ipsc

280 3269 473 3349 reprehendo,
504 3269 558 3327 nisi
589 3278 687 3327 tamen
718 3288 773 3339 nie,
802 3287 869 3327 cum
895 3286 998 3345 purum
1023 3265 1177 3324 commode

313 3440 331 3481 ο
354 3434 383 3482 13
401 3431 547 3494 iunctisque
561 3435 615 3479 Bra
628 3430 780 3493 cunctisque
796 3442 830 3478 ou
846 3437 992 3491 cunctaque
1009 3430 1055 3474 MV
1087 3426 1119 3475 25
1135 3442 1177 3475 me

279 3514 349 3579 apud
361 3518 416 3563 BF&
426 3511 497 3577 apud
509 3529 549 3561 rue
561 3516 642 3561 livor
