2950 4175
334 405 406 459 103.
417 402 461 461 (X.
473 401 516 458 89)
580 392 777 442 EPISTVLAE
795 393 982 443 SELEC'PAE.
1187 390 1229 437 151

646 588 718 642 101.
753 590 794 648 (X.
810 593 842 641 80
855 593 929 653 [affl

613 714 798 766 TRAIANVS
816 718 901 767 PLIN
903 719 946 768 10.

372 831 618 912 Interpretationi
642 843 719 900 tuae,
747 833 785 890 mi
810 832 943 893 Secunde
969 834 1125 904 carissime,
1152 829 1231 889 idem

330 931 470 990 existimo
491 929 643 997 haetenus,
660 927 757 986 edicto
778 929 839 988 (lini
857 932 985 1010 Augusti
1009 940 1151 989 nonatam
1169 945 1232 986 esse

302 1038 316 1088 5
331 1026 426 1106 legem
442 1025 614 1101 Pompeiam
632 1032 666 1082 ut
685 1025 893 1104 magistratum
913 1028 1033 1104 quidem
1050 1047 1154 1105 capere
1168 1044 1232 1104 pos-

330 1133 399 1182 sent
413 1122 433 1181 ii
447 1123 499 1199 qui
515 1141 574 1181 non
596 1121 724 1181 minores
746 1138 822 1181 xxv.
839 1144 981 1183 annorum
1003 1134 1110 1197 essent,
1128 1133 1160 1184 et
1179 1123 1231 1201 qui

330 1220 485 1296 cepissent,
505 1220 536 1278 in
558 1232 694 1278 senatum
715 1220 855 1298 cuiusque
876 1222 1007 1281 ciuitatis
1029 1223 1229 1301 peruenirent.

329 1328 462 1376 ceterum
484 1337 543 1376 non
563 1327 650 1393 capto
672 1317 847 1395 magistratu
870 1338 918 1377 eos
937 1320 987 1396 qui
1004 1321 1134 1380 minores
1149 1333 1229 1378 xxx.

329 1435 476 1474 annorum
501 1415 570 1487 sint,
595 1415 665 1492 quia
689 1416 897 1494 magistratum
922 1437 1026 1495 capere
1052 1420 1174 1496 possint,
1198 1418 1230 1476 in

288 1513 441 1577 mennam
456 1514 547 1572 eliam
563 1512 617 1572 loei
633 1513 774 1590 cuiusque
789 1534 847 1572 non
863 1514 1002 1573 existimo
1018 1514 1076 1596 legi
1091 1535 1184 1596 posse.

644 1741 715 1796 102.
751 1741 792 1798 ιι.
808 1743 924 1804 asana

465 1869 493 1920 C.
515 1868 660 1920 PLINIVS
678 1869 840 1920 TRAIANO
859 1869 1095 1922 IMPERATORI.

369 1987 458 2066 opto,
481 1986 609 2058 domine,
633 1995 664 2046 et
685 1987 764 2046 hune
785 1988 914 2046 natalem
938 1999 968 2046 et
991 1988 1134 2066 plurimos
1155 1989 1229 2049 alios

328 2107 418 2164 quam
430 2084 703 2165 felicissimosagas,
716 2098 895 2162 aeternaque
908 2084 994 2145 lamle
1007 2088 1161 2146 florentem
1174 2088 1229 2145 uir-

285 2186 403 2256 15tutis
429 2194 499 2244 tuae
523 2184 648 2263 gloriam
674 2181 788 2264 [quam]
817 2182 972 2243 incolumis
997 2194 1029 2243 et
1052 2185 1139 2244 fortis
1162 2184 1229 2244 aliis

327 2303 417 2361 super
430 2281 489 2342 alia
502 2280 640 2361 opeiibus
654 2301 771 2361 augeas.
791 2340 799 2353 ,
1239 2279 1242 2284 ’

643 2492 714 2548 103.
750 2493 927 2555 (xamen.)

608 2620 793 2671 anmanvs
814 2618 943 2669 nenne.

368 2742 506 2820 Agnosco
531 2749 602 2798 uota
628 2750 687 2809 tna,
712 2740 751 2797 mi
778 2736 912 2796 Secunde
937 2737 1094 2807 carissimo,
1119 2737 1228 2815 quibus

281 2862 313 2896 ω
327 2840 455 2916 precaris
480 2849 515 2897 ut
539 2837 682 2916 plurimos
705 2852 735 2895 ee
761 2836 941 2895 felicissimos
968 2834 1081 2894 natales
1103 2836 1227 2897 florente

326 2949 408 2995 sustu
424 2937 465 2996 rei
488 2935 622 3016 publicae
637 2949 755 2994 nostiae
769 2955 862 3013 agam.

361 3076 418 3117 101
443 3072 458 3118 3
479 3069 548 3118 idem
570 3070 693 3117 existimo
713 3073 730 3116 ο
749 3068 803 3117 (ζίιι.
825 3081 841 3115 a
860 3073 896 3121 (ιιι
916 3069 1049 3124 existimo)
1067 3072 1087 3116 Α
1104 3068 1227 3119 similiter

326 3153 447 3201 existimo
466 3150 574 3201 Orellias
607 3153 623 3198 6
641 3165 704 3198 xxv.
720 3151 810 3213 scripsi
826 3155 861 3208 (ιιι
876 3155 965 3213 supro)
981 3151 1033 3199 ‹lno
1051 3159 1078 3199 et
1096 3150 1190 3215 uiginti
1207 3158 1227 3200 Α

325 3233 435 3282 «luorum
453 3240 480 3282 et
498 3232 594 3297 uiginti
606 3246 623 3281 ιι
634 3233 678 3296 qui
691 3234 817 3297 cepissem
836 3233 890 3280 lar.
905 3234 967 3295 quia
982 3238 1129 3298 coepissent
1145 3239 1163 3283 Α
1180 3238 1225 3299 qui

325 3317 485 3379 accepissent
496 3329 513 3365 ι

360 3404 420 3446 102
443 3400 471 3447 15
488 3397 597 3462 gloriam
615 3413 693 3461 quma
711 3398 845 3445 incolmnis
863 3402 899 3445 Aa
916 3397 1024 3461 gloriam
1042 3407 1068 3447 el
1089 3400 1225 3451 incolumis

325 3479 396 3530 σω
