2950 4175
278 375 311 424 40
486 372 514 424 C.
536 370 637 423 PLINI
653 369 798 423 cauom
815 369 974 424 suevum
1012 370 1065 426 21.
1082 369 1130 431 (ΙΙ.
1143 369 1183 429 ΙἸ)
1258 285 1292 502 Ι

1260 502 1266 530 ι

278 519 387 594 deinde
409 517 541 597 perticus
562 517 593 575 in
615 517 644 576 D
667 516 787 576 litterae
812 517 1041 577 similitudinem
1062 516 1185 576 circum·
1259 540 1283 660 u

278 625 370 688 actae,
400 615 510 692 quibus
533 613 661 690 paruula
687 614 741 674 sed
769 613 879 675 lestiua
905 634 975 674 area
1010 613 1183 674 includitur.
1270 659 1272 662 <

279 714 432 792 egregium
461 710 516 770 hae
543 711 688 771 aduersus
722 720 918 790 tempestates
946 711 1183 791 receptaculum:

153 813 159 875 l
279 831 348 869 nam
363 807 567 887 specularibus
580 827 615 866 ac
629 807 727 867 multo
741 808 837 887 magis
851 807 1078 868 imminentibus
1096 807 1185 868 tectis

153 941 213 956 ἡ
248 907 464 966 bmuniuntur.
500 913 547 963 est
560 913 666 963 contra
679 903 793 964 medias
807 905 984 966 causedium
998 904 1101 978 hilare,
1114 924 1185 965 mox
1214 919 1229 974 5

279 1004 442 1064 triclinium
457 1002 529 1060 satis
544 1001 711 1081 pulchrum,
726 1002 809 1079 quod
823 1003 855 1062 in
870 1003 943 1062 litus
958 1001 1098 1076 excurrit,
1110 1021 1146 1062 ac
1159 1002 1185 1060 si

278 1101 399 1178 quande
427 1099 531 1158 Airice
559 1118 640 1159 mere
668 1099 832 1178 impulsum
860 1109 914 1174 est,
941 1099 1044 1160 lractis
1070 1099 1186 1158 iamet

278 1197 447 1257 nouissimis
462 1197 602 1256 fluctibus
616 1197 725 1257 leuiter
745 1196 889 1256 adluitur.
923 1196 1057 1274 undique
1080 1195 1185 1255 ualuas

277 1304 331 1354 aut
359 1294 505 1353 fenestras
534 1313 593 1353 non
618 1293 749 1353 minores
777 1293 875 1352 ualuis
900 1293 999 1365 habet,
1024 1299 1117 1370 atque
1141 1292 1186 1351 ita

277 1413 295 1450 a
323 1392 467 1451 lateribus
494 1412 513 1451 a
540 1392 640 1452 fronte
667 1391 754 1470 quasi
783 1391 843 1450 tria
871 1390 966 1450 maria
996 1397 1231 1469 prospectat310

277 1511 295 1548 a
333 1499 420 1569 tergo
459 1489 643 1561 cauaedium,
683 1488 842 1568 perticum,
883 1507 992 1559 aream,
1035 1487 1185 1566 perticum

278 1608 388 1659 rursus,
419 1607 490 1647 mox
516 1587 636 1659 atrium,
666 1585 758 1645 siluas
790 1593 822 1644 et
852 1584 1032 1664 longinquos
1063 1583 1186 1663 respicit

278 1695 404 1745 montes.

249 1784 266 1840 6
319 1782 419 1841 Huius
446 1802 465 1841 a
492 1781 578 1841 laeua
612 1780 773 1840 retractius
808 1779 898 1859 paulo
932 1778 1103 1840 cubiculum
1138 1787 1186 1838 est

277 1879 419 1958 amplum,
449 1878 558 1938 deinde
585 1877 668 1938 aliud
693 1878 801 1951 minus,
826 1877 907 1956 quod
935 1877 1031 1937 altera
1053 1877 1186 1937 fenestre
1201 1886 1231 1941 15

153 1959 181 1997 ‘““
194 1942 229 2032 b
278 1976 416 2036 admittit
437 1976 591 2048 orientem,
614 1975 801 2036 occidentem
821 1973 917 2034 altere
937 1974 1058 2047 retinet,
1077 1973 1133 2034 hac
1154 1981 1186 2034 et

169 2067 180 2089 ‘
279 2075 433 2135 subiacens
448 2096 529 2135 mare
543 2074 662 2155 longius
679 2073 803 2153 quidem
817 2071 870 2134 sed
891 2073 1023 2133 securius
1038 2073 1182 2134 intuetur.

249 2173 367 2232 ‘lhuius
395 2172 524 2232 cubiculi
552 2181 584 2233 et
611 2172 734 2232 triclinii
762 2171 844 2231 illius
872 2170 992 2232 obiectu
1019 2169 1186 2232 includitur

277 2270 414 2349 angulus,
431 2269 483 2347 qui
498 2269 690 2349 purissimum
710 2267 804 2330 solem
826 2268 962 2329 continet
984 2276 1016 2329 ct
1037 2267 1182 2329 accendit.

279 2366 335 2426 hoc
349 2365 584 2440 hiber-naculum,
597 2367 653 2427 hec
664 2367 756 2427 etiem
767 2365 959 2447 gymnasium
970 2386 1105 2427 meorum
1119 2373 1183 2426 est:
1198 2382 1231 2419 20

278 2464 320 2523 ibi
334 2484 437 2523 omnes
453 2463 543 2524 silent
557 2464 641 2524 uenti
663 2464 797 2544 exceptis
811 2464 863 2543 qui
878 2462 1016 2523 nubilum
1035 2462 1185 2523 inducunt

249 2563 266 2619 8
279 2572 310 2621 et
324 2582 461 2621 serenum
476 2571 547 2621 autc
562 2582 653 2640 qnam
668 2582 756 2622 usum
769 2561 826 2621 loci
842 2561 982 2641 eripiunt.
1012 2559 1185 2621 adnectitur

277 2658 388 2739 angulo
397 2659 567 2719 cubiculum
581 2660 613 2720 iu
624 2658 751 2739 hapsida
760 2667 928 2731 curtatum,
941 2657 1022 2737 quod
1035 2657 1184 2718 ambitum

278 2757 348 2816 selis
371 2757 510 2816 lcncstris
533 2756 671 2817 omnibus
693 2756 837 2834 sequitur.
875 2756 982 2835 parieti
1004 2755 1068 2816 eius
1089 2756 1120 2814 in
1142 2754 1185 2815 bi-

279 2854 445 2914 bliothecae
459 2855 587 2933 speeiem
601 2854 763 2913 armarium
786 2853 932 2913 insertum
957 2864 1010 2925 est,
1027 2852 1109 2931 quod
1123 2872 1182 2912 nen
1198 2865 1228 2918 25

250 2952 422 3031 9lcgendos
438 2952 528 3012 libros
543 2952 595 3012 sed
612 2950 791 3011 lectitandos
805 2953 895 3030 capit.
918 2952 1063 3012 adhaeret
1075 2950 1184 3013 dormi-

196 3210 202 3218 ’
281 3210 291 3257 l
312 3208 337 3256 in
352 3206 375 3255 D
387 3207 492 3256 litterae
504 3211 522 3255 F
533 3207 559 3255 iu
572 3206 712 3256 delitteme
723 3212 743 3255 B
754 3205 815 3256 imle
827 3206 933 3256 litterae
945 3212 992 3258 HV
1004 3206 1031 3256 in
1043 3206 1065 3257 0
1076 3206 1184 3256 litterae

278 3303 329 3337 oua
369 3290 384 3336 3
404 3288 536 3351 egregium
558 3288 605 3336 liae
626 3288 669 3345 (lie
687 3293 713 3346 F,
731 3305 745 3335 e
762 3293 789 3347 B,
811 3289 874 3337 liuec
891 3292 918 3347 a)
936 3289 1076 3338 aduersum
1095 3292 1184 3337 Bfotut

278 3372 410 3434 egregium
429 3369 556 3419 aduersus
575 3374 632 3426 (cm.
654 3371 713 3429 liae)
732 3374 780 3419 ΙΝ
820 3371 835 3422 'l
858 3371 910 3419 iam
930 3376 1019 3420 Brona
1038 3370 1116 3420 simul
1136 3374 1185 3419 HV

282 3454 311 3501 12
328 3453 455 3515 prospicit
468 3451 526 3498 Keil
561 3454 590 3500 19
607 3450 750 3514 plurimum
764 3450 906 3500 Momnwen
