2950 4175
322 392 378 449 46,
396 391 453 452 (VI.
465 393 508 452 20)
568 386 768 438 EPISTVLAE
790 382 981 438 suLucTAR
1197 378 1229 431 el

258 577 260 582 ·
323 537 499 617 ingentique
508 533 628 613 agmine
637 532 777 591 abeuntis
788 531 898 608 premit
909 541 940 590 et
951 527 1086 608 impellit
1119 526 1230 605 egressi
1258 522 1276 578 8
1295 547 1303 555 ·

323 642 406 694 tecta
446 630 642 691 consistimus.
707 627 804 686 multa
845 629 886 687 ibi
929 625 1074 698 miranda,
1118 622 1230 682 multas
1272 672 1277 688 J

243 752 252 764 ·
323 729 497 789 formidines
529 726 668 804 patimur.
726 745 795 782 nana
826 725 965 784 uehicula
996 744 1073 802 quae
1104 719 1230 801 produci
1268 738 1271 759 ¹

322 827 511 894 iusseramus,
533 840 704 898 quanquam
726 821 757 878 in
779 821 952 898 planissimo
973 841 1087 898 eampo,
1111 820 1143 879 in
1164 838 1231 880 con·

292 932 308 985 5
323 921 432 980 trarias
446 927 546 996 partes
559 917 735 996 agebantur,
748 937 781 976 ac
797 938 834 977 ne
850 918 1000 994 lapidibus
1015 918 1138 996 quidem
1153 916 1231 976 fulta

322 1018 355 1076 in
370 1015 474 1075 eodem
488 1014 617 1092 uestigio
635 1014 836 1090 quiescebant.
881 1025 1038 1092 praetcrea
1055 1035 1139 1075 mare
1152 1015 1184 1073 in
1197 1032 1230 1074 se
1262 1013 1280 1070 9

322 1111 470 1171 resorberi
489 1120 520 1170 et
541 1118 670 1169 tremore
691 1118 789 1169 terrae
809 1112 894 1188 quasi
916 1111 1021 1189 repelli
1043 1112 1228 1172 uidebamus.

322 1216 405 1268 certe
418 1214 602 1286 processerat
615 1206 695 1279 litus,
712 1207 867 1284 multaque
884 1208 1026 1267 animalia
1040 1210 1131 1268 maris
1146 1209 1229 1269 siccis

322 1305 442 1364 harenis
466 1303 629 1364 detinebat.
682 1305 721 1363 ab
745 1303 841 1363 altero
866 1303 959 1363 latere
985 1305 1080 1365 nubes
1104 1315 1172 1364 atra
1198 1313 1231 1365 et

277 1414 310 1451 ¹0
322 1401 473 1462 horrenda
491 1402 570 1482 ignei
588 1401 712 1480 spiritus
732 1402 820 1460 tortis
840 1402 1026 1479 uibratisque
1045 1401 1231 1462 discursibus

322 1508 412 1580 rupta
452 1501 484 1560 in
526 1500 629 1580 longas
663 1501 851 1559 flammarum
885 1500 996 1578 figuras
1032 1500 1228 1561 dehiscebat:

322 1598 492 1677 fulguribus
520 1598 587 1658 illae
616 1606 647 1657 ct
674 1597 786 1658 similes
815 1608 846 1657 et
875 1598 1003 1658 maiores
1032 1607 1125 1658 crant.

363 1697 440 1756 Tum
455 1716 527 1756 uero
546 1695 626 1756 idem
646 1695 696 1755 ille
717 1715 756 1755 ex
779 1696 925 1775 Hispania
944 1697 1059 1755 amicus
1080 1696 1177 1756 acrius
1198 1705 1230 1756 et
1244 1702 1276 1758 10

322 1796 484 1854 instantius
511 1795 553 1853 ‘si
579 1793 689 1853 frater'
714 1793 813 1872 inquit
840 1799 935 1865 ‘tuus
963 1804 1034 1854 tuus
1061 1793 1230 1854 auunculus

278 1905 307 1956 15
323 1892 409 1964 uiuit,
423 1892 490 1952 uult
501 1912 564 1952 csse
579 1912 633 1952 uos
644 1892 758 1966 saluos;
778 1893 801 1950 si
817 1892 914 1970 periit,
927 1893 1107 1970 superstites
1118 1892 1229 1953 uoluit:

322 1989 448 2068 proinde
472 1989 545 2068 quid
567 1991 689 2050 cessatis
713 1989 882 2050 euaderel'
934 1990 1144 2069 respondimus
1169 2010 1229 2051 non

322 2090 531 2150 commissuros
553 2109 606 2148 nos
632 2099 666 2148 ut
686 2089 724 2148 de
750 2088 846 2147 salute
870 2088 952 2148 illius
976 2090 1084 2150 incerti
1110 2098 1229 2150 nostrae

322 2188 551 2249 consuleremus.
622 2207 681 2247 non
721 2197 855 2246 moratus
896 2187 977 2247 ultra
1018 2189 1149 2267 proripit
1188 2207 1227 2260 se,
1238 2182 1305 2251 11*

322 2287 475 2362 effusoque
499 2303 587 2343 cursu
610 2282 743 2361 periculo
764 2285 908 2343 aufertur.
960 2305 1014 2345 nec
1040 2286 1137 2346 multo
1161 2295 1230 2365 post

276 2396 309 2432 20
322 2384 374 2443 illa
407 2384 502 2442 nubes
535 2381 714 2442 descendere
750 2383 780 2440 in
820 2392 922 2454 terras,
959 2385 1077 2461 operire
1112 2385 1228 2444 maria:

322 2483 458 2542 cinxerat
478 2480 609 2560 Capreas
629 2491 661 2540 et
680 2480 898 2540 absconderat:
927 2480 1037 2541 Miseni
1060 2483 1142 2559 quod
1164 2503 1229 2561 pro

322 2580 416 2639 currit
439 2578 612 2638 abstulerat.
657 2590 722 2638 tuni
745 2591 841 2636 mater
862 2597 955 2652 orare,
979 2578 1103 2650 hortari,
1127 2579 1273 2640 iubercl2

321 2695 443 2755 quoquo
467 2675 558 2735 modo
578 2676 731 2755 fugeren13
760 2695 845 2753 posse
868 2676 948 2736 enim
972 2677 1121 2748 iuuenem,
1144 2696 1177 2736 se
1197 2685 1230 2736 et

321 2774 408 2833 anilis
432 2780 464 2832 et
487 2793 611 2851 corpore
636 2794 757 2851 grauem
786 2774 861 2833 benc
886 2775 1074 2846 morituram,
1101 2776 1125 2834 si
1155 2774 1227 2833 mihi

275 2886 308 2938 25
321 2892 408 2930 clusa
423 2873 528 2930 mortis
544 2892 603 2930 non
620 2873 731 2931 fuisset.
776 2893 831 2950 ego
846 2886 958 2943 eontra,
975 2872 1092 2932 saluum
1108 2893 1156 2932 mc
1173 2874 1227 2932 nisi

322 2990 381 3029 una
396 2990 455 3029 non
467 2970 621 3029 futurum:
640 2969 708 3028 dein
725 2990 845 3028 manuni
861 2971 925 3030 eius
938 2969 1105 3049 arnpkxus
1117 2970 1228 3031 addere

320 3068 447 3148 gradum
470 3088 551 3146 cogo,
599 3076 684 3145 pout
705 3089 800 3144 aegre,
823 3069 1002 3147 incusatque
1024 3090 1055 3129 se
1077 3068 1158 3147 quod
1181 3088 1228 3128 nic

321 3178 462 3226 moretur.
514 3168 573 3225 ianr
595 3167 677 3236 cinis,
700 3166 798 3224 adhuc
823 3179 924 3225 tamen
947 3187 1052 3227 rarus:
1081 3168 1208 3247 respicio
1221 3182 1274 3240 ;13

320 3264 412 3323 densa
437 3265 533 3344 caligo
562 3265 653 3342 tergis
679 3264 861 3335 innninolnt,
888 3284 965 3342 quac
995 3284 1056 3337 nos,
1084 3266 1228 3325 torrentis

613 3471 645 3519 26
661 3468 722 3517 dein
734 3473 776 3517 Hc
787 3468 926 3519 deindeua
