2950 4175
307 383 354 438 aa
373 383 416 444 (v.
430 385 471 444 ιι)
546 382 747 445 arrsrvaan
769 383 961 437 sannorum
1178 387 1210 440 rr

307 550 357 608 par
370 527 506 589 Cornuto
519 527 626 587 datum
641 528 737 588 uideo.
780 534 973 609 nequeenim
990 533 1095 612 augeri
1116 531 1241 611 digni-3

307 637 366 686 tate
380 647 471 704 quam
484 627 605 703 aequari
619 625 706 686 bonis
719 628 844 707 gratius.
876 629 1013 691 Cornuto
1023 640 1125 690 autem
1138 629 1210 707 quid

307 724 429 784 meliust
455 723 529 801 quid
540 724 691 783 sanctius?
717 726 790 803 quid
806 728 837 786 in
848 730 930 788 omni
941 749 1051 810 genere
1064 727 1161 787 laudis
1171 727 1211 786 ad

306 820 456 900 cxcmplar
474 820 665 898 antiquitatis
686 825 875 902 expressiusl
916 826 997 904 quod
1017 826 1091 885 mihi
1113 825 1211 905 cogni·

281 942 293 992 5
306 930 370 976 tum
383 927 431 977 est
445 937 504 977 non
516 917 603 990 lama,
619 939 679 996 qua
698 922 811 999 alioqui
833 924 948 1001 optima
967 932 999 984 et
1019 922 1212 983 meritissima

304 1016 423 1090 inmun,
452 1015 505 1075 sed
533 1015 630 1096 longis
664 1020 839 1100 magnisque
874 1021 1098 1100 experimentis.
1151 1029 1241 1084 unat

304 1113 464 1194 diligimus,
480 1133 542 1172 una
550 1112 711 1175 dileximus
722 1136 825 1176 omncs
839 1118 902 1178 fere
917 1138 993 1197 quos
1003 1127 1087 1180 aetas
1108 1126 1212 1178 nostra

305 1213 335 1271 in
350 1225 479 1289 utroque
492 1231 567 1271 sexu
581 1213 773 1274 aemulandos
788 1214 878 1289 tulit;
899 1236 977 1294 quae
994 1217 1120 1279 societas
1140 1216 1211 1276 ami-

305 1309 442 1369 citiarum
455 1309 605 1369 artissima
619 1329 672 1369 nos
689 1311 894 1372 familiaritate
908 1315 1075 1376 coniunxit.
1118 1334 1211 1375 acees-
1223 1320 1241 1376 5

266 1431 293 1465 10
304 1408 345 1468 sit
355 1406 509 1467 uinculum
523 1407 750 1468 necessitudinis
764 1409 901 1488 publicae
911 1434 920 1486 3
942 1412 1023 1472 idem
1035 1413 1115 1473 enim
1126 1411 1209 1485 mihi,

304 1514 340 1566 ut
367 1505 431 1578 scis,
460 1505 575 1586 collega
601 1507 686 1584 quasi
714 1514 787 1566 uoto
816 1507 931 1586 petitus
962 1509 994 1568 in
1022 1510 1212 1590 praefectura

304 1603 409 1664 aerarii
430 1603 497 1677 fuit,
515 1604 574 1663 luit
592 1612 623 1663 et
644 1604 675 1664 in
689 1603 855 1664 consulatu.
899 1616 965 1665 tum
980 1627 1036 1688 ego
1051 1609 1104 1686 qui
1119 1608 1211 1667 niret

304 1712 436 1781 <plantus
446 1712 525 1762 esset
534 1702 678 1762 altissime
692 1703 817 1782 inspexi,
831 1723 899 1763 cuin
917 1724 1057 1783 sequerer
1073 1715 1107 1765 ut
1121 1705 1209 1784 magi·

305 1812 409 1875 strum,
435 1810 472 1862 ut
492 1809 648 1880 parentem
676 1820 803 1872 uererer,
828 1802 909 1879 quod
935 1822 996 1862 non
1018 1811 1081 1862 tam
1102 1803 1212 1863 aetatis

265 1924 275 1960 ι
279 1924 292 1975 5
305 1900 480 1960 maturitate
495 1918 585 1976 quam
600 1898 681 1957 uitae
695 1899 874 1958 merebatur.
906 1900 953 1959 his
964 1919 1003 1960 ex
1013 1901 1110 1960 causis
1123 1910 1157 1959 ut
1168 1899 1211 1958 illi
1225 1906 1241 1962 6

304 1999 346 2058 sic
359 1996 434 2057 mihi
453 1995 598 2077 gratulor,
614 2015 668 2056 nec
688 1995 831 2074 priuatim
853 1997 949 2076 magis
970 2016 1061 2075 quam
1084 1996 1209 2076 publice,

305 2096 386 2176 quod
401 2095 521 2156 tandem
533 2095 668 2155 homines
682 2114 742 2154 non
753 2094 791 2154 ad
806 2095 946 2173 pericula,
957 2104 993 2155 ut
1003 2097 1094 2176 prius,
1106 2116 1211 2155 nerum

305 2194 343 2255 ad
357 2195 485 2258 honores
499 2194 613 2253 uirtute
626 2193 816 2272 perueniunt.

346 2293 381 2352 In
396 2292 548 2353 inlinitum
562 2291 721 2371 epistulam
736 2289 908 2362 extendam,
922 2290 946 2349 si
961 2290 1074 2371 gaudio
1089 2310 1156 2351 meo
1171 2292 1242 2353 in?

266 2391 453 2472 aodulgcam
496 2404 670 2470 praeuertor
692 2390 731 2449 ad
758 2409 894 2467 eaquae
918 2409 967 2449 me
994 2400 1136 2469 agentem
1164 2390 1213 2449 hic

306 2490 430 2550 nuntius
443 2488 651 2568 deprehendit.
687 2509 769 2549 eram
785 2508 852 2547 cum
869 2507 1027 2566 prosocero
1041 2507 1212 2559 meo,e1·am
1226 2493 1242 2549 8

305 2608 372 2647 cum
392 2587 486 2649 amita
506 2587 617 2659 uxoris,
635 2606 715 2646 eram
736 2607 804 2646 cum
826 2586 930 2645 amicis
951 2585 1005 2645 diu
1024 2585 1211 2655 desideratis,

305 2685 495 2746 circumibam
525 2683 645 2765 agellos,
674 2683 833 2744 audiebam
869 2682 1000 2744 multum
1033 2684 1211 2743 rusticarum

306 2782 502 2862 qucrelarum,
519 2782 649 2842 rationes
663 2781 797 2862 legebam
814 2782 929 2841 inuitus
949 2792 981 2840 ct
1002 2781 1112 2840 cursim
1136 2781 1213 2857 (aliis

268 2882 385 2954 25cninr
409 2881 529 2952 chartis,
552 2880 618 2939 aliis
643 2900 707 2938 suni
733 2880 843 2939 litteris
872 2880 1032 2955 initiatus),
1057 2899 1211 2956 cocpmrnn

308 2979 396 3039 ctiam
411 2979 510 3039 itineri
525 2999 573 3038 mc
588 2998 772 3058 pnrcpararc.
812 2990 884 3036 narn
905 2977 1044 3036 includor
1064 2977 1213 3056 angustiis
1226 2982 1243 3037 9

307 3087 496 3147 commeatus,
509 3096 603 3155 coquc
618 3076 682 3155 ipso
692 3075 773 3153 qnod
788 3075 962 3155 (lclcgatum
974 3074 1112 3135 Cornuto
1123 3074 1213 3133 undio

308 3175 432 3235 olliciunr
456 3174 514 3235 mci
537 3174 705 3234 admoneor.
750 3174 839 3253 cupio
861 3186 890 3232 tc
913 3193 1032 3253 quoquc
1054 3173 1111 3232 sub
1134 3172 1212 3232 idcm

340 3325 381 3366 ³8
405 3322 420 3366 -l
443 3318 577 3383 cxcrnplar
592 3332 644 3367 oua
660 3317 807 3381 cxcmpluru
826 3321 851 3365 Μ
880 3318 909 3365 12
932 3318 1026 3365 aerarii
1046 3317 1098 3365 luit
1116 3318 1169 3366 init
1186 3326 1212 3365 ct

308 3403 350 3449 Ha
368 3402 460 3449 aerarii
482 3400 534 3449 fnit
550 3408 577 3449 ct
597 3414 631 3449 ou
679 3401 707 3446 13
733 3400 834 3462 inspexi
858 3412 910 3447 oua
929 3399 1094 3463 inspexerant
1114 3403 1140 3447 Μ
1181 3400 1214 3448 ‘20

309 3490 459 3544 pmeucrun·
470 3486 529 3532 Ιοα
540 3488 705 3546 pmcucrtarn
717 3493 734 3527 u
