2950 4175
316 379 350 434 90
526 382 556 436 G.
577 381 679 433 PLINI
696 381 842 435 cauom
859 381 1015 434 suevum
1041 383 1092 440 40.
1111 378 1168 443 (Vl
1178 381 1220 443 ²0)

318 549 379 590 non
412 529 509 590 solum
541 535 641 588 metus
668 547 774 588 uerum
806 530 896 590 etiam
926 548 1011 590 cestre
1039 528 1219 607 pertulerim.

320 633 509 706 ‘quanquam
523 625 642 685 animus
656 627 826 688 meminisse
840 627 951 701 horret,
967 625 1123 705 incipiam!

229 779 232 783 ,
288 720 306 777 2
360 724 499 785 Profecto
526 722 678 783 auunculo
704 724 769 802 ipse
797 725 946 804 reliquum
972 733 1091 802 tempus
1114 723 1222 783 studiis
1279 741 1285 750 ·

318 821 400 901 (ideo
429 822 510 881 enim
538 822 752 900 remanseram)
781 823 933 901 impendi:
964 842 1035 883 mox
1062 820 1219 893 balineum,

288 922 399 989 deone,
423 937 546 978 somnus
566 917 721 996 inquietus
742 928 774 979 et
795 920 902 981 breuis.
951 928 1149 1001 praecesserat
1169 936 1223 998 per
1252 927 1266 981 5

319 1016 431 1078 multos
455 1015 521 1077 dies
543 1022 659 1077 tremor
680 1024 780 1078 terrae
801 1018 900 1079 minua
923 1016 1130 1079 formidolosus
1151 1015 1224 1094 quia

231 1126 280 1194 ’,ν
319 1113 502 1193 Campaniae
526 1111 642 1174 solitus.
695 1113 749 1175 ille
770 1134 843 1177 uero
864 1123 952 1177 nocte
972 1115 1016 1176 ite
1037 1113 1166 1176 inuoluit
1187 1120 1224 1172 ut

289 1214 380 1274 enon
402 1212 517 1273 moueri
538 1212 640 1273 omnia
660 1213 714 1274 sed
734 1214 814 1274 uerti
834 1212 1033 1275 crederentur.
1082 1211 1224 1291 irrumpit

319 1309 492 1373 cubiculum
523 1329 625 1371 meum
656 1319 773 1373 mater:
807 1312 973 1393 surgebam,
1002 1311 1033 1372 iu
1064 1311 1169 1385 uicem,
1197 1309 1222 1369 si

320 1408 496 1488 quiesceret,
527 1408 722 1469 excitaturus.
769 1409 927 1470 residimus
954 1410 986 1469 in
1013 1427 1081 1469 area
1107 1407 1221 1479 domus,
1240 1430 1270 1468 ro

290 1518 398 1585 aquae
416 1523 500 1565 mare
515 1525 534 1564 a
553 1506 644 1566 tectis
661 1505 779 1567 medieo
800 1506 897 1585 spetio
917 1503 1078 1566 diuidebat.
1117 1505 1224 1565 dubito

320 1603 522 1665 constentiam
537 1620 645 1662 uocare
655 1622 694 1662 an
706 1602 940 1681 imprudentiam
953 1600 1075 1663 debeam
1087 1601 1223 1680 (agebam

321 1700 401 1761 enim
425 1698 725 1760 duodeuicensimum
750 1701 895 1779 annum);
924 1718 1012 1778 posco
1032 1699 1141 1759 librum
1162 1699 1224 1758 Titi

321 1796 398 1870 Liui,
412 1804 444 1858 et
454 1797 541 1876 quasi
554 1816 607 1876 per
617 1797 714 1857 otium
724 1796 792 1877 lego
802 1805 893 1875 atque
904 1797 1002 1868 etiam,
1015 1805 1050 1856 ut
1060 1814 1222 1876 coeperam,

320 1913 458 1974 excerpo.
506 1913 581 1966 eece,
603 1894 717 1955 amicus
736 1893 887 1968 auunculi,
909 1894 962 1972 qui
983 1912 1078 1972 nuper
1096 1892 1135 1953 ad
1156 1912 1224 1953 cum
1241 1902 1269 1957 15

321 2013 361 2056 ex
389 1991 538 2072 Hispania
565 2001 699 2066 uenerat,
729 1999 766 2052 ut
789 2011 836 2052 me
863 2000 896 2052 et
922 2001 1046 2052 matrem
1077 1991 1223 2064 sedentes,

322 2077 476 2152 me'uero
507 2091 600 2151 etiam
630 2089 782 2170 legentem
810 2088 903 2162 uidet,
932 2088 1013 2150 illius
1040 2091 1224 2169 patientiam,

322 2188 515 2250 securitatem
553 2207 651 2248 meam
688 2188 836 2267 corripit:
885 2186 978 2248 nihilo
1013 2189 1133 2269 segnius
1170 2207 1226 2267 ego

322 2286 460 2347 intentus
487 2286 519 2346 in
548 2284 667 2345 librum.

294 2392 311 2449 6
364 2383 430 2445 Iam
455 2384 529 2444 hora
552 2383 613 2443 diei
642 2383 747 2463 prima,
773 2394 805 2444 et
831 2382 929 2444 adhue
955 2382 1064 2445 dubius
1088 2395 1119 2446 et
1143 2383 1226 2462 quasi
1240 2397 1272 2434 ²0

322 2480 485 2561 lenguidus
499 2480 571 2541 dies.
608 2481 668 2540 iam
682 2481 831 2559 quassatis
841 2480 1115 2542 circumiacentibus
1129 2481 1225 2552 tectis,

323 2599 496 2658 quanquam
517 2578 548 2637 in
567 2588 674 2657 aperte
695 2579 768 2651 loco,
783 2590 912 2661 anguste
933 2590 1041 2654 tamen,
1057 2600 1182 2660 magnus
1196 2588 1228 2639 et

294 2682 424 2740 'leertus
447 2677 552 2738 ruinae
574 2684 680 2737 metus.
724 2686 790 2738 tum
811 2677 932 2739 demum
953 2678 1095 2740 excedere
1117 2676 1228 2756 oppido

325 2776 442 2835 uisum:
463 2775 600 2853 sequitur
611 2774 721 2852 uulgus
734 2776 907 2846 attonitum,
919 2776 1058 2855 qnodque
1072 2776 1103 2835 in
1118 2795 1228 2854 pauore

325 2872 422 2933 simile
450 2872 637 2952 prudentiae,
667 2872 798 2933 alienum
826 2873 980 2934 consilium
1009 2894 1062 2933 siro
1090 2873 1226 2953 pmcl'ert,
1242 2880 1272 2933 ²5

359 3066 402 3109 40
418 3061 435 3109 6
451 3060 514 3124 (piria
531 3059 691 3125 Campaniae
706 3059 808 3117 solitus,
829 3060 873 3109 illa
887 3060 941 3118 lille
957 3063 1002 3120 ou)
1019 3076 1081 3110 uero
1097 3068 1173 3109 nocte
1190 3061 1228 3109 itu

327 3140 450 3200 inuoluit,
464 3150 494 3190 ιιι
507 3158 558 3190 ιιοιι
572 3144 670 3191 moueri
683 3143 771 3190 onrniu
783 3141 827 3190 sen
841 3142 909 3191 uerti
921 3144 1015 3201 (cuerti
1026 3146 1052 3196 al
1062 3142 1229 3191 crederentur

326 3236 379 3273 oue
391 3224 454 3285 quia
471 3225 625 3288 campaniae
642 3240 693 3273 nnn
711 3224 794 3273 solum
809 3223 916 3273 castella
931 3238 1021 3273 uerum
1038 3225 1116 3273 etiam
1132 3222 1229 3289 oppida

327 3320 379 3355 uon
403 3306 502 3354 moueri
526 3306 614 3353 enrnia
636 3305 681 3353 aed
709 3307 777 3354 uerti
802 3304 974 3354 credebantur
1000 3310 1025 3353 Μ
1067 3310 1082 3350 n
1107 3306 1229 3370 irrumpit

328 3387 479 3437 cubiculum
496 3386 566 3437 oufa
590 3388 684 3436 innnair
711 3389 737 3436 in
761 3386 908 3437 cubiculum
930 3391 955 3436 Ιί
1002 3390 1030 3438 10
1053 3387 1189 3437 resilimus
1211 3401 1230 3437 ιι

328 3468 474 3520 residemus
488 3473 516 3518 Ι
530 3468 675 3519 resedimus
688 3482 722 3519 os
