2950 4175
219 353 221 357 '
328 373 373 423 ne
532 369 561 422 c.
582 366 685 419 mnu
702 366 852 421 ennom
867 366 1027 450 suevum
1075 364 1236 429 eornm

325 517 429 578 sertim
442 515 591 576 duodenis
604 513 730 587 essibus,
747 502 855 592 quenti
868 534 886 574 e
900 513 1027 594 priuatis
1045 520 1231 577 mutuantur.
1303 562 1305 592 ,

295 614 313 671 2
325 615 437 694 dispice
451 633 531 692 ergo,
548 611 679 684 domiue,
696 611 846 690 numquid
860 610 1054 673 minuendam
1068 630 1191 671 usurum
1200 630 1236 670 eo

325 733 378 792 per
391 711 447 771 hoe
462 708 586 769 idoneos
600 707 755 769 debitores
774 709 949 771 inuitandos
968 717 1065 789 putes,
1086 716 1119 769 et
1136 708 1162 769 si
1181 728 1236 769 nec

324 810 365 869 sie
378 807 579 887 reperiuntur,
595 805 839 867 distribuendam
852 808 933 868 iuter
952 805 1129 868 decuriones
1150 825 1235 887 pecu-

324 907 412 976 niam,
433 905 478 963 ito
498 914 534 963 nt
551 915 633 965 recte
653 904 696 964 rei
716 903 854 984 publicae
872 914 1019 980 coneeut3
1039 902 1122 983 quod
1143 922 1234 983 quen·
1262 918 1274 969 5

323 1022 413 1081 quern
448 1001 554 1061 inuitis
581 1015 614 1062 et
644 1001 853 1063 recusantibus
881 1003 980 1063 minus
1006 1001 1148 1063 eeerbum
1176 1000 1235 1061 crit

323 1100 435 1160 leuiore
450 1119 542 1159 usuro
554 1099 730 1160 constitute

638 1341 692 1398 97.
727 1341 772 1404 (x.
792 1343 825 1392 55
841 1341 918 1404 [⁶3l)

607 1456 798 1510 TRAIANVS
816 1455 949 1509 PLINIO.

361 1573 403 1634 Et
422 1574 487 1654 ipse
509 1593 569 1633 non
590 1573 675 1634 eliud
691 1573 859 1633 remedium
879 1570 1013 1652 dispicio,
1032 1572 1073 1632 mi
1094 1569 1232 1635 Secunde
1248 1594 1278 1631 ro

321 1672 479 1744 carissime,
493 1691 583 1749 quam
599 1681 635 1731 ut
649 1671 806 1749 quantitas
820 1689 979 1730 usurarum
992 1671 1156 1744 minuetur,
1171 1691 1233 1749 quo

322 1767 437 1829 facilius
460 1769 603 1848 pecuniae
622 1768 761 1850 publicae
780 1767 971 1829 collocentur.
1022 1767 1146 1829 modum
1167 1769 1232 1830 eins

320 1886 359 1927 ex
369 1867 455 1946 copie
466 1886 570 1927 eorum
578 1867 631 1946 qui
642 1866 865 1927 mutuabuntur
877 1875 911 1926 tu
920 1866 1090 1927 constitues
1118 1866 1231 1929 inuitos

320 1964 359 2024 sd
368 1962 574 2044 accipiendum
586 1963 773 2046 compellere,
783 1963 866 2043 quod
875 1963 1009 2025 fortassis
1020 1964 1093 2045 ipsis
1100 1965 1231 2027 otiosum

320 2061 459 2124 futurum
473 2064 522 2137 sit,
539 2082 599 2124 non
614 2072 714 2125 estex
729 2062 847 2124 iustitie
861 2071 1032 2124 nostrorum
1049 2072 1228 2144 temporum.
1246 2079 1274 2134 ¹5

647 2327 700 2383 98.
734 2328 780 2390 (Χ.
795 2330 827 2379 oo
841 2328 915 2390 [mr

458 2443 488 2495 c.
509 2441 657 2495 PLINIVS
674 2444 842 2494 Tuumne
860 2443 1096 2497 lundensem.

292 2562 307 2617 1
362 2558 483 2639 Magne,
498 2557 629 2631 domine,
645 2559 729 2619 etad
752 2568 848 2621 totum
870 2563 1054 2642 prouinciam
1076 2563 1230 2643 pertinens

320 2652 458 2731 quaestio
480 2660 528 2712 est
549 2649 588 2712 de
608 2652 785 2714 condicione
806 2664 838 2714 et
857 2654 1010 2718 elimentis
1030 2676 1133 2717 eorum
1153 2677 1230 2735 quos

291 2755 308 2811 2
322 2760 431 2810 irooaut
452 2748 595 2825 θρεπτοίνς.
641 2749 678 2810 lu
692 2771 753 2830 qus
768 2772 824 2832 ego
838 2752 950 2814 auditis
964 2754 1230 2815 constitutionibus
1243 2777 1274 2814 20

321 2849 498 2928 principum,
521 2849 593 2926 quia
616 2848 691 2908 nihil
715 2851 903 2910 inueuiclnun
926 2863 979 2911 run
1002 2852 1153 2932 proprium
1176 2866 1229 2911 unt

321 2946 490 3007 uniuersale
504 2946 585 3024 quod
602 2946 641 3006 nd
664 2946 814 3025 Bithynos
829 2949 998 3023 roionetur,
1015 2949 1228 3010 consulendum

321 3058 352 3106 te
377 3045 549 3106 existimaui
576 3044 648 3123 quid
678 3046 831 3105 obseruari
861 3047 970 3107 uelles:
1000 3068 1095 3127 nequo
1124 3049 1227 3126 puteni

322 3162 408 3221 posse
436 3162 484 3202 me
513 3142 544 3201 iu
569 3162 605 3202 co
633 3142 714 3219 quod
743 3145 954 3204 alletoritatem
983 3157 1065 3205 tueun
1096 3158 1229 3224 poneret

354 3294 394 3337 96
413 3289 428 3336 ³
445 3304 493 3336 uec
505 3288 542 3336 sic
555 3288 666 3336 Omitto«
678 3304 710 3336 uc
722 3290 760 3337 sic
772 3293 809 3338 Aa
823 3306 855 3339 no
867 3291 904 3338 sio
916 3289 1021 3353 quidem
1035 3290 1105 3340 Ca!.‘·'

354 3376 393 3418 θ’]
416 3372 439 3419 ll
461 3370 706 3434 «prudensque

354 3458 396 3499 98
413 3454 446 3500 e.)
464 3453 578 3500 lueretur
590 3455 611 3500 Α
623 3452 723 3500 leretur
734 3464 752 3500 s
786 3455 817 3501 :ill
836 3470 918 3517 nulus·
931 3456 999 3502 enirn
1013 3457 1104 3518 putrui
1117 3470 1134 3504 n
