2950 4175
268 400 314 449 104
460 393 949 449 c.1>tmroancmrsncvnm
973 391 1170 453 saun-26)
1237 389 1239 393 '
1287 393 1290 397 ’

603 583 655 678 εξ.
691 624 764 684 (vn.
784 623 838 684 ae.)
1271 580 1285 629 ξ’

469 739 499 790 O.
519 739 667 791 PLINIVS
687 740 838 791 MAXIMO
855 739 922 791 SVO
939 739 965 790 S.

238 865 253 920 1
308 858 413 934 Nuper
427 876 475 917 me
495 857 651 917 cuiusdam
670 857 757 918 amici
779 856 905 936 languor
925 855 1083 915 admonuit
1096 857 1171 935 opti-

267 976 330 1015 mos
346 974 409 1013 esse
427 973 488 1027 nos,
505 953 579 1013 dum
598 954 709 1013 infirmi
728 973 839 1012 sumus.
883 971 972 1029 quem
992 953 1072 1010 enim
1093 952 1171 1012 infir·

238 1059 255 1112 2
268 1073 349 1111 mum
364 1059 417 1110 aut
430 1051 560 1110 auaritia
573 1059 629 1110 aut
643 1050 738 1112 libido
749 1049 912 1110 sollicitati
946 1069 1006 1108 non
1020 1049 1171 1109 amoribus
1201 1064 1215 1115 5

268 1149 368 1219 seruit,
385 1168 446 1207 non
460 1147 580 1228 adpetit
594 1147 730 1221 honores,
747 1167 819 1227 opes
838 1146 978 1227 neglegit,
994 1154 1027 1207 et
1045 1154 1171 1225 quantu-

267 1246 447 1324 lumeunque
461 1253 498 1305 ut
514 1245 673 1307 relicturus
691 1245 764 1306 satis
778 1245 878 1305 habet.
918 1252 990 1306 tunc
1004 1244 1083 1317 deos,
1099 1252 1171 1304 tunc

267 1343 418 1404 hominem
439 1363 503 1404 esse
524 1364 556 1404 se
578 1343 724 1416 meminit,
744 1342 862 1402 inuidet
882 1343 1002 1414 nemini,
1022 1342 1172 1402 neminem

268 1441 400 1514 miratur,
417 1442 568 1502 neminem
582 1441 719 1520 despicit,
735 1461 769 1500 ac
786 1460 824 1500 ne
843 1442 1031 1502 sermonibus
1050 1440 1172 1519 quidem

268 1539 406 1619 malignis
418 1548 473 1599 aut
490 1540 624 1600 attendit
641 1546 696 1599 aut
714 1537 824 1598 alitur:
853 1537 970 1598 balinea
991 1539 1172 1617 imaginatur
1188 1550 1218 1586 10

239 1646 299 1703 tet
322 1637 428 1696 fontes
482 1637 554 1696 haee
579 1656 696 1696 summa
717 1654 864 1709 curarum,
885 1654 1001 1694 summa
1021 1642 1170 1707 uotorum,

268 1733 446 1812 mollemque
474 1734 506 1793 in
534 1742 689 1812 posterum
716 1740 749 1793 et
776 1733 926 1812 pinguem,
956 1733 981 1790 si
1015 1731 1172 1810 contingat

268 1831 402 1903 euadere,
419 1831 475 1892 hoc
489 1838 544 1905 est,
560 1831 715 1891 innoxiam
729 1830 909 1908 beatamque
919 1828 1053 1890 destinat
1066 1830 1169 1889 uitam.

238 1939 389 2009 4possum
413 1949 485 2010 ergo
508 1929 591 2009 quod
615 1928 754 2008 plurimis
781 1928 889 2000 uerbis,
916 1927 1052 2006 plurimis
1081 1928 1171 1988 etiam

269 2027 471 2089 uoluminibus
485 2026 656 2107 philosophi
670 2026 778 2088 docere
792 2031 940 2086 conantur
956 2026 1019 2105 ipse
1039 2026 1173 2086 breuiter
1189 2038 1215 2091 15

268 2127 323 2186 tibi
339 2127 470 2205 mihique
492 2127 722 2206 praeciperent
741 2125 816 2185 tales
835 2144 898 2185 esse
919 2125 983 2183 sani
1005 2143 1172 2204 perseuere-

268 2244 335 2284 mus
349 2223 452 2303 quales
466 2243 521 2284 nos
535 2222 654 2283 tuturos
667 2222 844 2301 profitemur
858 2221 975 2281 infirmi.
1019 2220 1095 2282 uale.

601 2476 670 2551 ”ss
705 2492 779 2555 (vu
798 2494 852 2554 27.)

486 2609 516 2661 O.
536 2608 684 2659 PLINIVS
701 2608 822 2658 SVRAE
839 2607 907 2659 SVO
924 2608 949 2658 S.

240 2729 255 2784 1
309 2726 348 2786 Et
362 2725 434 2786 mihi
456 2724 591 2785 discendi
611 2733 642 2785 et
661 2724 718 2783 tibi
734 2722 862 2783 docendi
881 2722 1055 2784 facultatem
1076 2724 1171 2783 otium
1185 2741 1218 2777 πο

269 2824 397 2902 praebet.
449 2822 543 2901 igitur
572 2841 717 2899 perquam
743 2820 832 2879 uelim
857 2822 939 2890 scire,
962 2841 1024 2880 esso
1050 2820 1173 2899 phanta

269 2934 364 2981 smata
378 2931 409 2979 et
426 2918 536 2979 habere
555 2918 706 3000 propriam
722 2919 847 2997 figuram
863 2937 1032 2995 numenque
1051 2916 1170 2994 aliquod

270 3030 364 3099 putes
381 3039 419 3077 an
441 3016 543 3076 inania
565 3025 597 3075 et
619 3035 698 3075 uana
721 3036 758 3075 ex
780 3025 864 3075 nictu
887 3024 989 3075 nostro
1012 3015 1171 3094 imaginem

269 3119 408 3196 accipere.

241 3218 258 3273 2
310 3216 374 3295 Ego
389 3223 424 3273 ut
438 3232 502 3272 esso
516 3211 637 3272 credam
651 3212 682 3270 in
697 3212 801 3289 primis
816 3231 851 3271 eo
870 3211 964 3272 ducor
982 3209 1063 3289 quod
1081 3209 1172 3270 audio
1186 3225 1218 3278 25

270 3312 408 3372 accidisse
437 3310 544 3370 Curtio
573 3308 659 3367 Rufo.
715 3310 814 3368 tenuis
842 3308 939 3368 adhuc
969 3317 999 3367 ct
1029 3308 1173 3368 obscurus

376 3478 416 3520 ⁸8
433 3473 449 3521 5
462 3476 511 3521 aut
521 3470 636 3519 auaritia
647 3476 696 3518 ant
707 3470 816 3518 ambitio
827 3476 875 3518 aut
887 3469 968 3518 libido
981 3471 1067 3533 Gierip
