2950 4175
318 358 364 408 106
510 356 539 409 G.
560 356 661 408 PLINI
677 354 823 408 cauom
840 355 998 408 suevum
1020 358 1073 415 54.
1090 358 1166 419 (VII.
1175 360 1220 420 Ἦ)

190 482 303 597 ⁴²²³?
357 502 449 564 Venit
483 502 620 562 Athenas
655 501 850 582 philosophus
885 503 1108 578 Athenodorus,
1145 503 1221 585 legit

188 558 281 677 4,ng
315 602 447 674 titulum,
463 599 627 677 auditoque
648 601 755 678 pretio,
771 601 843 679 quia
863 611 1002 680 suspecta
1023 601 1134 674 uilitas,
1156 621 1221 680 per·

187 719 234 799 ”m
264 680 271 695 ’
314 706 479 770 cunctatus,
495 696 781 758 omniadooeturac
796 698 1010 772 nihilominus,
1027 698 1120 761 immo
1133 706 1221 760 tanto

313 797 408 876 magis
435 794 585 856 conducit.
642 796 694 855 ubi
721 796 822 877 coepit
848 797 1105 877 aduesperascere,
1134 796 1221 858 iubet

313 895 407 954 sterni
432 894 489 953 sibi
510 893 542 953 in
567 893 664 972 priina
683 893 791 955 domus
812 902 905 975 parte,
929 896 1027 976 poscit
1046 893 1218 976 pugillares,
1250 911 1265 964 5

313 992 423 1066 stilum,
440 991 560 1051 lumen:
581 1011 651 1052 suos
665 1011 769 1053 omnes
788 992 820 1053 in
838 992 982 1055 interiora
999 992 1140 1065 dimittit,
1155 993 1220 1072 ipse

312 1089 350 1149 ed
372 1089 563 1151 scribendum
584 1090 726 1164 animum,
746 1090 857 1166 oculos,
878 1111 1001 1151 manum
1022 1088 1165 1163 intendit,
1181 1109 1220 1150 ne

312 1207 407 1247 uacua
433 1208 519 1249 mens
545 1188 650 1248 audita
677 1188 839 1249 simulacra
862 1199 894 1249 et
915 1189 1019 1250 inanes
1040 1188 1099 1249 sibi
1119 1196 1220 1249 metus

282 1284 447 1364 tingeret.
490 1284 586 1357 initio,
603 1284 691 1364 quale
704 1286 826 1365 ubique,
842 1285 997 1347 silentium
1011 1285 1128 1360 noetis3
1147 1283 1220 1346 dein

311 1381 430 1442 concuti
441 1381 563 1456 sermm,
576 1381 697 1444 uincula
707 1384 822 1444 moueri
834 1406 841 1444 :
855 1382 906 1444 ille
916 1404 978 1444 non
990 1382 1096 1445 tollere
1106 1382 1217 1457 ocules,
1235 1398 1267 1437 10

312 1499 370 1539 non
388 1480 544 1541 remittere
562 1480 674 1555 stilum,
690 1481 743 1542 sed
762 1483 911 1542 offirmare
931 1482 1066 1543 animum
1084 1483 1220 1543 auribus-

311 1595 369 1655 que
386 1576 600 1656 praetendere:
629 1586 695 1638 tum
713 1579 898 1640 crebrescere
919 1579 1026 1659 fragor,
1041 1578 1215 1653 aduentare,

310 1694 344 1735 ae
357 1674 417 1735 iam
432 1683 466 1735 ut
482 1675 513 1735 in
528 1674 638 1749 limine,
655 1675 715 1736 iam
729 1684 765 1736 ut
779 1677 860 1737 intra
874 1676 966 1738 limen
985 1677 1103 1738 audiri:
1127 1678 1218 1758 respi-

281 1771 370 1846 tcit3
390 1771 476 1832 uidet
489 1773 684 1854 agnoscitque
698 1782 850 1834 narratam
865 1774 922 1835 sibi
937 1775 1073 1855 effigiem.
1116 1774 1219 1835 stabat

310 1869 515 1948 innuebatque
538 1870 642 1951 digito,
668 1870 774 1931 similis
799 1872 938 1932 uocanti:
974 1871 1022 1932 hie
1049 1878 1154 1933 contra
1182 1880 1218 1933 ut
1233 1886 1263 1942 15

289 1965 433 2045 ,spaulum
448 1974 636 2046 exspectaret
645 1987 737 2029 manu
752 1968 907 2048 significat,
921 1988 1085 2048 rursusque
1096 1968 1171 2031 ceris
1185 1976 1218 2030 et

309 2062 379 2125 stilo
394 2063 559 2128 incumbit:
581 2064 633 2126 illa
645 2066 804 2128 scribentis
812 2066 905 2147 capiti
916 2067 1029 2128 catenis
1040 2066 1216 2130 insonabat:

236 2153 258 2253 ,s
309 2162 431 2242 respicit
444 2181 549 2224 rursus
562 2163 643 2225 idem
657 2164 738 2243 quod
752 2165 838 2245 prius
851 2164 1037 2239 innuentem,
1054 2185 1109 2227 nec
1122 2185 1217 2227 mora

232 2255 236 2268 ⁴
264 2268 359 2325 lotus
381 2259 463 2320 tollit
484 2259 586 2321 lumen
607 2268 639 2321 et
660 2262 806 2340 sequitur.
850 2262 915 2322 ibat
935 2261 987 2322 illa
1008 2262 1091 2323 lento
1109 2262 1214 2341 gradu,

308 2358 393 2436 quasi
417 2358 520 2438 grauis
543 2358 688 2421 uinculis:
724 2368 885 2438 postquam
909 2359 1035 2421 deflexit
1059 2360 1090 2419 in
1115 2380 1215 2421 aream
1230 2376 1263 2414 20

193 2455 203 2519 ἶ
307 2454 423 2528 domus,
453 2465 579 2535 repente
606 2456 722 2536 dilapsa
744 2456 858 2518 deserit
884 2458 1045 2519 comitem:
1077 2457 1216 2519 desertus

214 2507 244 2566 J*
263 2559 295 2616 11
309 2552 416 2615 herbas
430 2560 462 2614 et
474 2554 548 2615 folia
561 2565 720 2634 concerpta
734 2556 855 2636 signum
872 2554 937 2617 loco
956 2556 1051 2635 penit
1093 2564 1216 2635 postero

306 2649 357 2711 die
384 2649 450 2712 edit
479 2651 681 2731 magistratus,
705 2660 810 2714 monet
837 2660 873 2713 ut
897 2652 982 2713 illum
1004 2652 1102 2714 locum
1124 2652 1215 2713 effodi

261 2796 273 2822 ,
307 2748 437 2809 iubeant
489 2749 687 2810 inveniuntur
716 2771 782 2811 ossa
815 2751 927 2811 inserta
957 2751 1071 2812 catenis
1100 2759 1131 2811 et
1162 2750 1215 2811 im·

306 2845 417 2925 plicita,
456 2866 534 2925 quae
573 2867 680 2927 corpus
717 2868 794 2909 aeuo
832 2856 973 2927 terraque
1012 2847 1214 2928 putrefactum
1228 2866 1260 2918 25

306 2943 388 3003 nuda
409 2952 441 3003 et
463 2945 744 3070 exestliquemt
771 2945 919 3006 uinculis:
947 2945 1072 3007 collecta
1095 2945 1215 3026 publice

305 3121 394 3173 esibi
414 3121 441 3172 in
462 3123 618 3189 primaeua
636 3124 687 3174 sibi
706 3124 791 3189 prima
809 3128 835 3172 H
878 3125 894 3174 9
916 3122 978 3173 dein
998 3128 1041 3174 Uo
1063 3122 1159 3173 deindo
1178 3137 1215 3173 ua

307 3204 337 3255 1³
351 3220 382 3255 ac
396 3204 448 3255 iarn
466 3205 496 3265 (1
510 3205 573 3255 aava
591 3205 689 3255 aeritur:
699 3206 775 3267 from
791 3206 832 3254 the
848 3205 948 3255 ‹lordrlet
964 3206 999 3268 os
1008 3218 1035 3266 a,
1050 3204 1101 3255 :ab
1113 3205 1215 3269 crisim

300 3286 373 3350 from
384 3288 477 3346 aciem,
490 3288 556 3337 read
566 3304 597 3337 ur
607 3289 697 3345 etiarn,
711 3288 859 3337 audatiam
873 3287 1009 3338 intertincti
1022 3288 1109 3348 αὸουι)
1121 3288 1211 3348 etiam,

304 3383 335 3419 ac
349 3370 401 3419 iarn
413 3376 444 3419 nt
456 3370 483 3419 in
495 3369 586 3419 limine
597 3383 614 3417 a
625 3369 706 3419 etiem
718 3374 750 3418 ut
762 3370 788 3418 in
801 3368 891 3418 limine
902 3373 928 3417 Ι
942 3369 1023 3418 etiam
1034 3374 1066 3418 ut
1077 3368 1167 3419 limine
1178 3382 1214 3419 eu

304 3450 385 3500 etiarn
396 3450 424 3499 in
436 3450 527 3500 limine
538 3449 559 3500 f

418 3580 429 3590 J,
547 3544 555 3578 ι
598 3573 601 3578 .
772 3554 843 3627 Ἥ,
874 3551 975 3586 c,..··›
1010 3549 1013 3554 ⁴
1054 3553 1073 3568 ··
1154 3550 1215 3606 ‘pa

582 3649 585 3657 ,
649 3643 683 3683 ,p
710 3664 728 3678 ¹¹
765 3657 783 3684 Β,
810 3674 813 3689 Ι
958 3654 1004 3688 :¹¹
1157 3653 1159 3660 .
