2950 4175
337 397 391 453 60.
409 397 552 461 (VIIIAE)
589 397 790 448 EPISTVLAE
807 397 998 449 SELEGTAE.
1201 396 1247 445 llo

336 543 528 604 contrahunt.
581 550 699 603 constat
726 562 834 621 pecora
869 544 976 604 herbas
1011 549 1115 603 secuta
1145 540 1188 600 sic
1214 539 1246 598 in
1275 542 1292 598 8

335 640 449 700 insulas
469 639 536 699 illas
552 647 589 699 ut
606 639 638 698 in
655 647 819 699 extremam
842 641 938 719 ripam
960 639 1123 719 procedere
1140 636 1243 707 solere,

335 757 389 797 nec
401 738 483 815 prius
492 736 666 816 intellegere
676 735 787 796 mobile
798 737 902 811 solum,
914 757 1005 816 quam
1015 738 1098 798 litori
1108 736 1243 813 abreptos

334 835 420 912 quasi
440 833 523 894 illata
539 843 572 894 et
589 833 738 912 imposita,
758 836 970 896 circumfusum
991 837 1127 913 undique
1147 833 1244 893 lacum

305 940 466 1010 spaueent
476 954 484 1005 3
505 951 576 991 mox
590 951 650 1009 quo
664 931 771 992 tulerit
790 943 900 993 uentus
921 954 1049 1012 egresse,
1068 952 1128 993 non
1148 929 1244 1010 magis

332 1048 365 1088 se
392 1028 579 1089 descendisse
613 1030 725 1088 sentire
756 1050 846 1107 quam
881 1032 1031 1090 senserint
1064 1030 1241 1090 ascendisse.

333 1126 413 1185 idem
427 1124 510 1186 loeus
523 1126 555 1185 in
572 1126 683 1186 flumen
702 1129 842 1206 egeritur,
859 1128 949 1205 quod,
966 1127 1018 1188 ubi
1039 1148 1071 1188 se
1091 1127 1244 1206 paulisper
1273 1123 1289 1180 9

332 1222 426 1282 oeulis
440 1222 533 1296 dedit,
555 1242 645 1302 specu
664 1225 812 1303 mergitur
831 1225 952 1302 alteque
973 1225 1130 1285 eonditum
1153 1231 1240 1295 meat,

333 1320 406 1379 acsi
424 1319 507 1398 quid,
522 1330 685 1398 antequam
704 1321 931 1394 subduceretur,
947 1323 1073 1401 accepit,
1089 1329 1192 1382 seruat
1211 1331 1243 1380 et

289 1434 320 1470 ¹0
333 1417 455 1498 profert

374 1515 458 1576 Haeo
472 1516 529 1578 tibi
543 1517 656 1595 scripsi,
672 1517 744 1594 quia
758 1536 812 1576 nec
825 1517 925 1576 minus
940 1517 1045 1595 ignota
1059 1536 1150 1595 quam
1168 1515 1241 1575 mihi
1255 1511 1288 1568 1⁰

332 1633 386 1674 nec
405 1614 506 1674 minus
525 1622 613 1694 grato
632 1613 796 1675 credebam.
841 1635 910 1673 nam
933 1623 963 1674 te
981 1634 1110 1693 quoque,
1127 1624 1163 1674 ut
1184 1633 1240 1684 me,

332 1711 407 1771 nihil
421 1731 517 1790 seque
530 1732 565 1773 ec
579 1720 704 1772 naturae
718 1733 810 1790 opera
822 1712 984 1772 delectent.
1028 1711 1103 1771 nale.

660 1953 713 2009 eo.
748 1953 836 2014 (v111.
857 1955 911 2014 aa.)

294 2100 317 2152 ις
535 2085 564 2138 e.
585 2085 732 2137 rmmvs
752 2085 1033 2137 immemores.

371 2219 469 2279 Amor
480 2219 513 2279 in
532 2225 564 2278 te
580 2237 665 2278 meus
685 2219 774 2297 cogit,
791 2239 851 2278 nou
869 2226 905 2277 ut
925 2219 1107 2297 praecipiam
1130 2218 1241 2297 (neque
1270 2219 1285 2275 1

331 2318 411 2377 enim
433 2325 628 2396 praeceptore
652 2318 743 2393 eges),
766 2314 942 2375 admoneam
966 2324 1078 2387 tamen,
1101 2324 1137 2375 ut
1164 2336 1241 2395 quae

330 2416 388 2477 seis
401 2422 506 2476 teneas
520 2423 552 2474 et
564 2414 713 2485 obserues,
730 2421 784 2471 aut
799 2413 873 2472 scias
887 2412 1004 2471 melius.

371 2512 481 2591 Cogito
504 2520 536 2571 te
558 2512 680 2570 missum
706 2511 736 2569 in
761 2509 946 2588 prouinciam
976 2509 1131 2584 Achaiam,
1158 2510 1239 2570 illam
1270 2510 1286 2565 2

285 2633 318 2671 ao
331 2630 434 2671 ueram
449 2617 481 2669 et
490 2628 604 2669 meram
619 2608 784 2679 Graeciam,
798 2608 827 2666 in
844 2626 904 2684 qua
915 2607 1047 2686 primum
1058 2607 1239 2681 humanitas,

331 2708 459 2780 litterae,
475 2708 567 2767 etiam
588 2706 690 2786 fruges
711 2707 854 2766 inuentae
873 2725 937 2766 esse
957 2703 1143 2766 creduntur:
1174 2706 1241 2765 mis-

331 2826 397 2864 sum
422 2805 460 2864 ad
482 2804 681 2863 ordinandum
704 2813 817 2863 statum
839 2803 1002 2863 liberarum
1025 2803 1192 2873 ciuitatum,
1209 2804 1239 2862 id

331 2913 384 2974 cst,
401 2903 439 2962 ad
462 2903 598 2962 homines
616 2903 745 2960 maxime
766 2902 908 2971 homiues,
925 2902 962 2960 ad
984 2901 1094 2960 liberos
1111 2902 1240 2960 maxime

333 3068 343 3114 l
364 3065 510 3114 trahuntur
522 3069 549 3113 H
580 3064 597 3112 ³
614 3063 691 3111 litore
704 3075 722 3111 e
755 3066 771 3111 4
787 3064 862 3127 quasi
878 3063 905 3111 in
922 3068 980 3111 rete
996 3063 1084 3127 posito
1099 3063 1239 3112 Mommsen

330 3149 347 3197 6
363 3147 461 3196 sentire
472 3162 552 3211 quarn
564 3145 694 3194 senserint
705 3144 853 3193 ascendisse
864 3160 912 3193 om.
928 3149 955 3193 H

363 3236 408 3278 σο
427 3231 457 3278 18
468 3229 535 3277 seins
543 3227 717 3278 couterentur
726 3228 825 3275 nescire
834 3232 860 3276 u
887 3228 921 3276 20
932 3227 958 3276 in
971 3242 1024 3291 qus
1035 3226 1150 3291 primurn
1161 3231 1186 3275 11
1195 3226 1239 3275 ubi

330 3324 348 3360 ο,
374 3312 408 3359 92
418 3318 519 3359 statum
532 3310 674 3359 liberorum
686 3310 847 3364 cinitotimn,
859 3308 937 3357 idest
948 3308 981 3357 ad
995 3309 1115 3358 hominos
1127 3309 1240 3357 nrnxime

332 3393 495 3455 lilioros,‹pri
509 3390 728 3440 incestarent!
746 3398 787 3438 est
802 3391 834 3438 ml
854 3391 973 3439 lrornines
990 3391 1104 3439 maxime
1123 3391 1240 3439 lmrninos

331 3474 364 3521 ad
378 3473 474 3521 liberos
487 3472 600 3520 maxime
612 3470 706 3519 liberos
717 3471 788 3533 ‹prml
802 3473 841 3519 ius
854 3476 878 3519 u
