2950 4175
268 383 319 439 04·
336 382 397 444 (IX.
410 383 450 442 13)
517 383 715 435 EPISTVLAE
731 385 921 437 SELECTAE.
1124 380 1168 430 121

267 548 322 607 ego
336 536 369 588 et
384 527 547 587 modestius
561 537 593 587 et
611 533 795 592 constantius
813 533 978 591 arbitratus
994 527 1172 589 immanissi-

267 645 351 686 mum
366 645 451 684 reum
465 644 525 683 non
539 627 689 685 communi
711 638 879 706 temporum
899 627 1022 700 inuidia,
1039 625 1092 686 sed
1108 644 1173 704 pro-

267 723 333 802 prio
361 722 484 781 crimine
512 741 647 800 urguere,
677 744 743 782 cum
771 727 829 784 iam
865 727 937 786 satis
971 725 1022 785 ille
1057 724 1174 804 primus

267 820 399 899 impetus
426 819 604 879 defeurisset
638 829 669 879 et
702 821 872 900 languidior
906 825 937 883 in
969 824 1034 883 dies
1062 823 1108 881 ira
1135 819 1173 879 ad

228 931 242 986 5
267 917 415 978 iustitiam
444 915 577 988 redisset,
607 937 777 994 quanquam
813 929 879 979 tum
914 921 1046 980 maxime
1077 918 1173 979 tristis

267 1016 376 1076 amissa
393 1034 489 1093 nuper
506 1033 608 1086 uxore,
630 1015 718 1074 mitto
740 1017 778 1075 ad
800 1017 943 1077 Anteiam
967 1021 1076 1096 (nupta
1101 1017 1174 1076 haec

267 1112 412 1173 Heluidio
427 1111 546 1188 fuerat),
559 1129 631 1190 rogo
645 1118 681 1170 ut
694 1114 805 1184 ueniat,
816 1114 888 1190 quia
901 1134 950 1174 me
960 1134 1065 1175 recens
1074 1114 1174 1175 adhuc

267 1208 367 1270 luctus
381 1209 484 1269 limine
503 1208 678 1270 contineret.
722 1218 757 1268 ut
776 1210 868 1281 uenit,
888 1210 1091 1272 ‘destinatum
1111 1210 1202 1272 est’t

267 1309 391 1387 inquam
421 1307 512 1366 ‘mihi
540 1305 681 1365 maritum
716 1315 802 1365 tuum
837 1326 898 1366 non
932 1307 1064 1369 inultum
1100 1309 1171 1387 pati.

226 1407 375 1469 renuntia
406 1405 513 1466 Arriae
540 1413 572 1464 et
598 1403 745 1463 Fanniae'
773 1403 823 1479 (ab
852 1403 958 1464 exsilio
986 1407 1173 1483 redierant):

269 1502 410 1564 ‘consule
427 1511 467 1577 te,
483 1501 604 1563 consule
623 1501 688 1560 illas
706 1521 743 1560 an
765 1501 866 1560 uelitis
886 1501 1016 1563 adscribi
1037 1505 1125 1579 facto,
1141 1505 1174 1564 in

266 1621 329 1682 quo
349 1621 406 1682 ego
422 1602 531 1662 comite
552 1620 612 1660 uon
630 1619 720 1679 ege03
749 1599 800 1659 sed
820 1619 877 1659 non
898 1601 942 1658 ita
958 1600 1071 1680 gloriae
1090 1622 1174 1663 meac

267 1700 394 1760 fauerim
411 1707 447 1759 ut
466 1699 551 1759 uobis
570 1698 740 1758 societatem
762 1698 825 1757 eius
847 1697 1017 1757 inuidoam.'
1059 1700 1174 1777 perfert

267 1797 381 1858 Anteia
395 1796 544 1870 mandata,
561 1817 614 1856 nec
628 1795 695 1854 illae
710 1805 873 1864 morantur,

225 1912 255 1968 15
309 1895 488 1975 Opportune
498 1902 618 1954 senatus
633 1895 712 1952 intra
725 1893 805 1953 diem
820 1893 952 1952 tertium.
992 1894 1107 1967 (omnia
1117 1915 1173 1976 ego
1186 1901 1204 1958 6

268 2013 387 2073 semper
404 1993 443 2053 ad
460 1991 622 2054 Corellium
640 1990 750 2064 rettuli,
768 2011 856 2068 quem
874 1989 1173 2069 prouidentissimum

268 2092 378 2154 aetatis
401 2099 521 2151 nostrae
549 2091 861 2169 sapientissimumque
882 2090 1029 2168 cognoui:
1064 2091 1095 2149 in
1117 2089 1173 2151 hoc

267 2198 372 2251 tamen
385 2196 544 2250 contentus
562 2188 684 2248 consilio
698 2207 765 2246 meo
785 2186 836 2257 fui,
854 2186 968 2246 ueritus
983 2206 1021 2246 ne
1035 2195 1174 2263 uetaret3

268 2297 335 2349 erat
355 2288 435 2348 enim
453 2286 641 2347 cunctantior
659 2286 840 2361 cautiorque.
888 2283 941 2343 scd
962 2304 1021 2344 non
1042 2285 1173 2347 sustinui

223 2402 257 2441 ω
269 2386 409 2447 inducere
420 2384 594 2444 inanimum
608 2404 669 2461 quo
679 2384 777 2441 minus
793 2381 834 2440 illi
847 2380 949 2441 codem
961 2382 1011 2443 die
1023 2384 1172 2444 facturum

268 2504 317 2545 mo
344 2482 507 2542 indicarem
533 2481 614 2559 quod
642 2502 679 2540 an
708 2481 834 2541 facerem
864 2500 923 2538 non
958 2480 1170 2555 deliberabam,
1240 2493 1245 2500 '

269 2589 413 2659 expertus
432 2599 489 2639 usu
505 2579 543 2639 de
562 2599 597 2639 eo
617 2579 697 2656 quod
719 2577 917 2638 destinaueris
940 2598 998 2638 non
1020 2599 1085 2640 esse
1106 2600 1173 2640 con·

268 2678 410 2740 milendos
430 2676 539 2757 quibus
554 2676 697 2737 consultis
717 2676 839 2754 obsequi
859 2674 990 2753 debeas.)
1033 2678 1124 2739 uenio
1139 2678 1201 2737 inu

269 2785 414 2850 senatum,
444 2777 491 2837 ius
517 2776 635 2836 dicendi
663 2787 740 2854 peto,
766 2776 833 2835 dico
862 2774 1012 2854 paulisper
1039 2776 1172 2836 maximo

226 2890 256 2945 25
269 2876 404 2937 adsensu.
448 2875 498 2934 ubi
514 2875 596 2952 coepi
611 2875 720 2933 crimen
736 2875 893 2951 attingere,
911 2893 994 2933 reum
1010 2873 1169 2946 destinare,

269 2974 368 3035 adhuc
390 2982 489 3033 tamen
517 2973 581 3031 sine
603 2974 728 3044 nominc,
756 2972 888 3049 undiquc
912 2971 984 3031 mihi
1007 2971 1169 3032 reclamari.

270 3142 287 3192 3
303 3142 349 3191 ille
360 3143 459 3206 primus
469 3154 521 3190 oua
534 3143 634 3205 primus
646 3140 690 3188 ille
701 3145 726 3188 u
759 3144 773 3187 4
792 3140 947 3189 deseruisset
962 3152 996 3189 oa
1011 3138 1172 3188 deseruisset

270 3237 290 3274 u
299 3223 483 3273 defremuisset
494 3227 519 3271 u
549 3224 579 3272 10
591 3221 625 3271 ab
633 3222 713 3270 exilio
725 3221 856 3271 redierant
866 3222 901 3271 fn
911 3221 945 3271 ab
956 3222 1037 3271 exilio
1049 3219 1172 3271 redibant

271 3311 297 3355 Ι
311 3306 391 3355 exilio
408 3304 538 3353 redierant
556 3305 661 3353 consulo
682 3316 707 3351 rc
727 3305 832 3352 consulo
853 3304 910 3352 illas
929 3320 962 3352 an
984 3304 1046 3353 ucli·
1065 3319 1114 3353 erra
1136 3316 1172 3353 ou

274 3389 304 3437 12
321 3389 360 3437 ita
378 3392 422 3436 11⁸
440 3394 495 3435 tam
514 3400 549 3436 ou
585 3389 612 3435 13
631 3387 782 3435 ecietacem
800 3399 818 3435 a
836 3387 962 3435 socictate
979 3390 1040 3436 101
1075 3387 1106 3435 15
1121 3401 1172 3451 ego

271 3473 642 3535 eempcrusemperegoou

191 3565 436 3715 Γ,
