2950 4175
243 372 290 429 89.
309 373 427 435 (111.an
493 371 695 424 EPISTVLAE
712 371 903 422 seneciae
1106 369 1149 417 131

242 518 402 597 appellant,
419 525 552 595 tangimt
572 518 664 576 etiam
684 526 929 596 pertrectantque
947 513 1148 595 praebentem.

241 617 346 675 crescit
359 613 486 673 audacia
496 613 713 691 experimento.
743 616 873 674 maxime
884 633 959 692 puer
969 612 1020 690 qui
1038 611 1150 689 primus

240 720 383 792 expertus
402 719 449 771 cst
469 710 597 770 adnatat
618 711 711 784 nanti,
729 712 825 771 insilit
838 722 933 793 tergo,
950 712 1048 771 fertur
1062 708 1150 768 refer-

239 818 357 887 turque,
381 808 503 887 agnosci
528 828 568 878 se,
590 810 684 868 amari
710 818 806 887 putat,
828 818 912 869 amat
936 811 1016 888 ipsc:
1044 818 1150 866 neuter

215 917 227 969 5
239 907 334 978 timet,
346 915 456 965 neuter
466 905 592 964 timetur
603 929 608 963 :
624 906 713 965 huius
724 907 842 978 fiducia,
853 906 1054 966 mansuetudo
1069 904 1150 964 illius

236 1013 375 1084 augetur.
419 1021 474 1062 nee
497 1021 557 1061 non
579 1001 630 1061 alii
656 1004 740 1081 pueri
763 1005 873 1063 dextra
895 1004 1041 1082 laeuaque
1060 1002 1147 1062 simul
1178 1007 1195 1060 7

237 1110 312 1162 eunt
336 1101 494 1160 hortantes
519 1108 743 1177 monentesque.
786 1101 852 1161 ibat
876 1122 936 1160 una
960 1102 1004 1179 (id
1030 1120 1149 1179 quoque

236 1200 362 1277 mirum)
383 1197 545 1276 delphinus
566 1197 651 1269 alius,
673 1207 793 1257 tantum
814 1208 967 1277 spectator
988 1210 1017 1258 et
1040 1219 1147 1258 eomes.

236 1297 312 1357 nihil
341 1296 423 1356 enim
448 1295 545 1356 simile
569 1304 624 1354 aut
651 1295 783 1354 faciebat
805 1305 861 1355 aut
888 1296 1069 1373 patiebatur,
1096 1296 1148 1356 sed

195 1395 368 1455 walterum
388 1393 475 1453 illum
495 1393 633 1466 ducebat,
657 1393 828 1465 reducebat,
852 1403 888 1452 ut
909 1413 1035 1472 puerum
1056 1396 1148 1454 ceteri

235 1493 331 1573 pueri.
375 1491 559 1565 incredibile,
583 1501 646 1551 tam
668 1511 773 1550 uerum
799 1501 899 1550 tamen
923 1512 1013 1568 quam
1039 1493 1146 1569 priora,
1177 1498 1194 1553 8

235 1590 416 1670 delphinum
443 1598 627 1670 gestatorem
658 1589 896 1667 collusoremque
926 1609 1088 1667 puerorum
1117 1590 1147 1647 in

236 1699 350 1749 terram
364 1707 485 1766 quoque
505 1688 624 1748 extrahi
646 1687 777 1759 solitum,
794 1687 972 1764 harenisque
994 1688 1146 1758 siccatum,

237 1786 288 1847 ubi
311 1785 494 1858 incaluisset,
516 1787 548 1845 in
570 1806 652 1846 mare
673 1785 798 1845 reuolui.
841 1795 963 1844 constat
985 1784 1146 1844 Ocmuium
1177 1789 1194 1846 9

194 1896 222 1949 ¹5
237 1885 375 1958 Auitum,
388 1883 524 1965 legatum
539 1883 731 1963 proconsulis,
745 1884 776 1942 in
792 1883 864 1943 litus
878 1883 988 1943 educto
1003 1883 1148 1963 religione

236 2002 332 2063 praua
345 1981 551 2060 superfudisse
565 1992 763 2062 unguentum,
779 1982 864 2042 cuius
879 1981 965 2040 illum
980 1982 1146 2041 nouitatem

236 2080 421 2158 odoremque
441 2081 472 2140 in
494 2080 591 2140 altum
612 2080 766 2161 refugisse,
790 2102 844 2141 nec
865 2081 922 2139 nisi
946 2093 1015 2159 post
1036 2079 1148 2140 multos

236 2179 302 2240 dies
316 2180 416 2238 uisum
431 2178 608 2259 languidum
629 2190 661 2239 et
678 2192 834 2251 maestum,
851 2200 921 2239 mox
937 2178 1065 2239 redditis
1079 2179 1148 2237 uiri-

236 2276 293 2337 bus
314 2278 445 2355 priorem
467 2277 620 2336 lasciuiam
641 2288 673 2336 et
695 2277 785 2336 solita
805 2278 971 2337 ministeria
994 2277 1145 2355 repetisse.

191 2391 224 2427 20
237 2376 431 2436 confluebant
450 2375 489 2435 ad
510 2375 713 2452 spectaculum
732 2395 836 2435 omnes
857 2377 1061 2455 magistratus,
1077 2396 1147 2452 quo
1161 2381 1193 2436 10

237 2494 305 2534 rum
319 2473 456 2533 aduentu
472 2481 602 2532 etm01a
622 2472 740 2532 modica
760 2494 808 2533 res
829 2473 950 2552 publiea
969 2475 1056 2533 nouis
1070 2493 1147 2533 sum-

237 2572 341 2653 ptibus
351 2571 549 2631 atterebatur.
586 2583 737 2649 postremo
749 2571 831 2630 loeus
843 2573 906 2649 ipse
917 2573 1051 2650 quictem
1062 2592 1146 2631 suam

237 2679 446 2747 secretumque
474 2667 626 2747 perdebat.
671 2668 784 2748 placuit
811 2669 927 2729 occulte
953 2670 1079 2730 interfici
1107 2670 1146 2729 ad

237 2767 319 2846 quod
334 2768 478 2827 coibatur.

240 2962 250 3009 l
277 2959 446 3023 praebentem
464 2974 481 3009 a
498 2967 666 3025 praecuntem
684 2976 700 3011 o
717 2966 871 3025 pereuntem
893 2975 912 3009 u
931 2959 1099 3025 pmebentem
1119 2976 1146 3008 se

239 3043 380 3092 alomnmu
415 3045 431 3092 3
447 3042 560 3092 mlnatat
574 3046 647 3092 inniti
664 3044 748 3092 insilit
759 3058 776 3093 a
787 3044 927 3093 arrrrntmti
945 3042 998 3101 (acl-
1012 3048 1039 3100 ιι)
1053 3043 1143 3092 insiliit

237 3140 299 3189 ergo
310 3139 344 3174 ou
356 3124 496 3174 mlnattrrti
510 3126 604 3175 insiliit
612 3134 686 3189 tergo
698 3126 719 3175 f
726 3126 839 3175 adnatat
851 3127 964 3177 inanimi.
976 3125 1059 3173 insilit
1073 3134 1147 3188 tor-go

239 3207 342 3255 vorate
360 3207 514 3256 adnatantis
535 3209 619 3258 insilit
639 3218 713 3272 tergo
731 3208 872 3257 a'ietarda«
914 3210 944 3256 111
968 3207 1107 3257 reducebat
1129 3221 1146 3256 a

239 3289 433 3353 rcrlucelmtiprc
450 3304 484 3338 ou
527 3293 555 3338 15
573 3291 734 3355 proconsulis
753 3290 788 3340 Fa
803 3307 912 3355 procori
929 3317 933 3324 ·
949 3305 982 3341 ou
1027 3293 1053 3341 Ιῖ
1070 3289 1144 3337 ‹slor-

238 3388 332 3435 campie
344 3380 512 3435 ammomum
527 3374 552 3420 in
564 3374 648 3421 altum
661 3373 719 3421 Keil
751 3374 785 3421 ’111
798 3373 830 3421 nd
841 3374 1020 3436 spectaculum
1030 3390 1120 3421 trutines
1129 3387 1146 3420 a

239 3470 329 3501 «tannes
340 3454 373 3501 ml
387 3455 564 3517 spwctrmnlum
577 3469 610 3503 ou
644 3456 676 3502 'L‘l
693 3454 795 3503 ‹aeultc
807 3468 840 3503 eu
852 3461 951 3503 aerea·
963 3470 980 3503 a
