<?xml version="1.0" encoding="UTF-8"?>
<!DOCTYPE html PUBLIC "-//W3C//DTD XHTML 1.0 Transitional//EN"
    "http://www.w3.org/TR/xhtml1/DTD/xhtml1-transitional.dtd">
<html xmlns="http://www.w3.org/1999/xhtml" xml:lang="en" lang="en">
 <head>
  <title>
</title>
<meta http-equiv="Content-Type" content="text/html;charset=utf-8" />
  <meta name='ocr-system' content='tesseract 3.04.00' />
  <meta name='ocr-capabilities' content='ocr_page ocr_carea ocr_par ocr_line ocrx_word'/>
</head>
<body>
  <div class='ocr_page' id='page_1' title='image "./selectedletters01merrgoog_0213.png"; bbox 0 0 2950 4175; ppageno 0'>
   <div class='ocr_carea' id='block_1_1' title="bbox 262 363 1162 433">
    <p class='ocr_par' dir='ltr' id='par_1_1' title="bbox 262 363 1162 433">
     <span class='ocr_line' id='line_1_1' title="bbox 262 363 1162 433; baseline -0.01 -10"><span class='ocrx_word' id='word_1_1' title='bbox 262 374 309 423; x_wconf 74' lang='grc'><strong>156</strong></span> <span class='ocrx_word' id='word_1_2' title='bbox 457 369 486 421; x_wconf 84' lang='lat' dir='ltr'><strong>C.</strong></span> <span class='ocrx_word' id='word_1_3' title='bbox 507 366 609 419; x_wconf 84' lang='lat' dir='ltr'>PLINI</span> <span class='ocrx_word' id='word_1_4' title='bbox 626 363 769 417; x_wconf 67' lang='lat' dir='ltr'><strong>cenem</strong></span> <span class='ocrx_word' id='word_1_5' title='bbox 786 363 943 417; x_wconf 71' lang='lat' dir='ltr'><strong>suevum</strong></span> <span class='ocrx_word' id='word_1_6' title='bbox 968 365 1041 421; x_wconf 75' lang='lat'><strong>10¹7.</strong></span> <span class='ocrx_word' id='word_1_7' title='bbox 1049 364 1092 433; x_wconf 80' lang='lat' dir='ltr'><strong>(X.</strong></span> <span class='ocrx_word' id='word_1_8' title='bbox 1105 368 1162 427; x_wconf 74' lang='lat'><strong>117)</strong></span> 
     </span>
    </p>
   </div>
   <div class='ocr_carea' id='block_1_2' title="bbox 258 508 1161 985">
    <p class='ocr_par' dir='ltr' id='par_1_2' title="bbox 258 508 1161 985">
     <span class='ocr_line' id='line_1_2' title="bbox 259 508 1161 597; baseline -0.008 -19"><span class='ocrx_word' id='word_1_9' title='bbox 259 537 314 597; x_wconf 90' lang='lat' dir='ltr'><strong>per</strong></span> <span class='ocrx_word' id='word_1_10' title='bbox 333 535 467 595; x_wconf 76' lang='lat' dir='ltr'><strong>corpere,</strong></span> <span class='ocrx_word' id='word_1_11' title='bbox 488 508 549 574; x_wconf 86' lang='lat' dir='ltr'><strong>nen</strong></span> <span class='ocrx_word' id='word_1_12' title='bbox 571 511 684 571; x_wconf 82' lang='lat' dir='ltr'><strong>uiritim</strong></span> <span class='ocrx_word' id='word_1_13' title='bbox 705 511 837 590; x_wconf 85' lang='lat' dir='ltr'><strong>singulos</strong></span> <span class='ocrx_word' id='word_1_14' title='bbox 856 531 894 571; x_wconf 85' lang='lat' dir='ltr'><strong>ex</strong></span> <span class='ocrx_word' id='word_1_15' title='bbox 912 510 1029 582; x_wconf 72' lang='lat' dir='ltr'><strong>notitia,</strong></span> <span class='ocrx_word' id='word_1_16' title='bbox 1048 510 1089 583; x_wconf 79' lang='lat' dir='ltr'><strong>ud</strong></span> <span class='ocrx_word' id='word_1_17' title='bbox 1107 511 1161 573; x_wconf 82' lang='lat' dir='ltr'><strong>eel-</strong></span> 
     </span>
     <span class='ocr_line' id='line_1_3' title="bbox 259 607 1161 693; baseline -0.006 -18"><span class='ocrx_word' id='word_1_18' title='bbox 259 614 373 675; x_wconf 88' lang='lat' dir='ltr'><strong>lemnes</strong></span> <span class='ocrx_word' id='word_1_19' title='bbox 387 610 537 693; x_wconf 77' lang='lat' dir='ltr'><strong>sportulas</strong></span> <span class='ocrx_word' id='word_1_20' title='bbox 551 607 710 668; x_wconf 79' lang='lat' dir='ltr'><strong>contrahit.</strong></span> <span class='ocrx_word' id='word_1_21' title='bbox 753 608 805 670; x_wconf 89' lang='lat' dir='ltr'><strong>sed</strong></span> <span class='ocrx_word' id='word_1_22' title='bbox 819 629 875 691; x_wconf 84' lang='lat' dir='ltr'><strong>ege</strong></span> <span class='ocrx_word' id='word_1_23' title='bbox 888 608 957 669; x_wconf 87' lang='lat' dir='ltr'><strong>ideo</strong></span> <span class='ocrx_word' id='word_1_24' title='bbox 970 608 1161 688; x_wconf 70' lang='lat' dir='ltr'>prudentiam</span> 
     </span>
     <span class='ocr_line' id='line_1_4' title="bbox 259 704 1161 789; baseline -0.006 -17"><span class='ocrx_word' id='word_1_25' title='bbox 259 722 344 773; x_wconf 75' lang='lat' dir='ltr'><strong>tuem</strong></span> <span class='ocrx_word' id='word_1_26' title='bbox 359 709 435 789; x_wconf 85' lang='lat' dir='ltr'><strong>elegi</strong></span> <span class='ocrx_word' id='word_1_27' title='bbox 453 715 487 767; x_wconf 77' lang='lat' dir='ltr'><strong>uc</strong></span> <span class='ocrx_word' id='word_1_28' title='bbox 501 704 665 766; x_wconf 77' lang='lat' dir='ltr'><strong>formandis</strong></span> <span class='ocrx_word' id='word_1_29' title='bbox 673 706 759 766; x_wconf 88' lang='lat' dir='ltr'><strong>istius</strong></span> <span class='ocrx_word' id='word_1_30' title='bbox 773 707 942 787; x_wconf 81' lang='lat' dir='ltr'><strong>prouinciae</strong></span> <span class='ocrx_word' id='word_1_31' title='bbox 956 705 1089 767; x_wconf 86' lang='lat' dir='ltr'><strong>moribus</strong></span> <span class='ocrx_word' id='word_1_32' title='bbox 1099 707 1161 787; x_wconf 88' lang='lat' dir='ltr'><strong>ipse</strong></span> 
     </span>
     <span class='ocr_line' id='line_1_5' title="bbox 260 803 1161 884; baseline -0.004 -15"><span class='ocrx_word' id='word_1_33' title='bbox 260 807 456 868; x_wconf 76' lang='lat' dir='ltr'><strong>moderereris</strong></span> <span class='ocrx_word' id='word_1_34' title='bbox 481 814 513 864; x_wconf 82' lang='lat' dir='ltr'><strong>et</strong></span> <span class='ocrx_word' id='word_1_35' title='bbox 537 824 573 863; x_wconf 87' lang='lat' dir='ltr'><strong>ee</strong></span> <span class='ocrx_word' id='word_1_36' title='bbox 597 803 792 864; x_wconf 81' lang='lat' dir='ltr'><strong>constitueres</strong></span> <span class='ocrx_word' id='word_1_37' title='bbox 820 825 896 883; x_wconf 84' lang='lat' dir='ltr'><strong>quue</strong></span> <span class='ocrx_word' id='word_1_38' title='bbox 922 804 962 865; x_wconf 85' lang='lat' dir='ltr'><strong>ad</strong></span> <span class='ocrx_word' id='word_1_39' title='bbox 985 814 1161 884; x_wconf 82' lang='lat' dir='ltr'><strong>perpetuum</strong></span> 
     </span>
     <span class='ocr_line' id='line_1_6' title="bbox 258 901 948 985; baseline -0.003 -20"><span class='ocrx_word' id='word_1_40' title='bbox 258 906 323 966; x_wconf 90' lang='lat' dir='ltr'><strong>eius</strong></span> <span class='ocrx_word' id='word_1_41' title='bbox 337 903 509 985; x_wconf 81' lang='lat' dir='ltr'><strong>prouinciae</strong></span> <span class='ocrx_word' id='word_1_42' title='bbox 525 901 656 979; x_wconf 81' lang='lat' dir='ltr'><strong>quietem</strong></span> <span class='ocrx_word' id='word_1_43' title='bbox 672 909 772 961; x_wconf 72' lang='lat' dir='ltr'><strong>essent</strong></span> <span class='ocrx_word' id='word_1_44' title='bbox 785 902 948 981; x_wconf 64' lang='lat' dir='ltr'><strong>profutura</strong></span> 
     </span>
    </p>
   </div>
   <div class='ocr_carea' id='block_1_3' title="bbox 393 1194 1027 1380">
    <p class='ocr_par' dir='ltr' id='par_1_3' title="bbox 393 1194 1027 1380">
     <span class='ocr_line' id='line_1_7' title="bbox 498 1194 876 1259; baseline -0.013 -8"><span class='ocrx_word' id='word_1_45' title='bbox 498 1248 500 1251; x_wconf 88' lang='lat'>.</span> <span class='ocrx_word' id='word_1_46' title='bbox 550 1194 622 1252; x_wconf 86' lang='lat'><strong>1⁰8.</strong></span> <span class='ocrx_word' id='word_1_47' title='bbox 657 1195 700 1254; x_wconf 81' lang='lat' dir='ltr'><strong>(X.</strong></span> <span class='ocrx_word' id='word_1_48' title='bbox 723 1197 769 1247; x_wconf 75' lang='lat'><strong>120</strong></span> <span class='ocrx_word' id='word_1_49' title='bbox 785 1196 876 1259; x_wconf 71' lang='grc'><strong>[1211)</strong></span> 
     </span>
     <span class='ocr_line' id='line_1_8' title="bbox 393 1326 1027 1380; baseline -0.002 0"><span class='ocrx_word' id='word_1_50' title='bbox 393 1328 421 1380; x_wconf 83' lang='lat'><strong>0.</strong></span> <span class='ocrx_word' id='word_1_51' title='bbox 443 1327 592 1380; x_wconf 80' lang='lat' dir='ltr'>PLINIVS</span> <span class='ocrx_word' id='word_1_52' title='bbox 609 1327 774 1379; x_wconf 84' lang='lat' dir='ltr'><strong>TRAIANO</strong></span> <span class='ocrx_word' id='word_1_53' title='bbox 791 1326 1027 1380; x_wconf 73' lang='lat' dir='ltr'>IMPERATORI.</span> 
     </span>
    </p>
   </div>
   <div class='ocr_carea' id='block_1_4' title="bbox 184 1458 1206 2611">
    <p class='ocr_par' dir='ltr' id='par_1_4' title="bbox 230 1458 1206 1740">
     <span class='ocr_line' id='line_1_9' title="bbox 230 1458 1160 1541; baseline 0.001 -20"><span class='ocrx_word' id='word_1_54' title='bbox 230 1466 244 1521; x_wconf 95' lang='lat'>1</span> <span class='ocrx_word' id='word_1_55' title='bbox 299 1460 402 1540; x_wconf 80' lang='lat' dir='ltr'>Vsque</span> <span class='ocrx_word' id='word_1_56' title='bbox 416 1461 448 1520; x_wconf 91' lang='lat' dir='ltr'><strong>in</strong></span> <span class='ocrx_word' id='word_1_57' title='bbox 464 1460 519 1521; x_wconf 87' lang='lat' dir='ltr'><strong>hoe</strong></span> <span class='ocrx_word' id='word_1_58' title='bbox 534 1469 661 1538; x_wconf 76' lang='lat' dir='ltr'><strong>tempus,</strong></span> <span class='ocrx_word' id='word_1_59' title='bbox 673 1458 799 1532; x_wconf 89' lang='lat' dir='ltr'><strong>demine,</strong></span> <span class='ocrx_word' id='word_1_60' title='bbox 811 1479 907 1537; x_wconf 91' lang='lat' dir='ltr'><strong>neque</strong></span> <span class='ocrx_word' id='word_1_61' title='bbox 918 1460 1057 1538; x_wconf 81' lang='lat' dir='ltr'><strong>cuiquam</strong></span> <span class='ocrx_word' id='word_1_62' title='bbox 1067 1460 1160 1541; x_wconf 79' lang='lat' dir='ltr'><strong>diple</strong></span> 
     </span>
     <span class='ocr_line' id='line_1_10' title="bbox 258 1554 1158 1634; baseline -0.002 -15"><span class='ocrx_word' id='word_1_63' title='bbox 258 1568 340 1618; x_wconf 76' lang='lat' dir='ltr'><strong>mate</strong></span> <span class='ocrx_word' id='word_1_64' title='bbox 372 1557 561 1619; x_wconf 85' lang='lat' dir='ltr'><strong>commoduui</strong></span> <span class='ocrx_word' id='word_1_65' title='bbox 592 1576 687 1634; x_wconf 91' lang='lat' dir='ltr'><strong>neque</strong></span> <span class='ocrx_word' id='word_1_66' title='bbox 719 1557 750 1615; x_wconf 93' lang='lat' dir='ltr'><strong>in</strong></span> <span class='ocrx_word' id='word_1_67' title='bbox 779 1575 840 1615; x_wconf 89' lang='lat' dir='ltr'><strong>rem</strong></span> <span class='ocrx_word' id='word_1_68' title='bbox 870 1554 960 1615; x_wconf 85' lang='lat' dir='ltr'><strong>ullum</strong></span> <span class='ocrx_word' id='word_1_69' title='bbox 990 1556 1046 1616; x_wconf 93' lang='lat' dir='ltr'><strong>nisi</strong></span> <span class='ocrx_word' id='word_1_70' title='bbox 1075 1568 1158 1617; x_wconf 86' lang='lat' dir='ltr'><strong>tuum</strong></span> 
     </span>
     <span class='ocr_line' id='line_1_11' title="bbox 257 1653 1206 1740; baseline -0.005 -24"><span class='ocrx_word' id='word_1_71' title='bbox 257 1656 333 1716; x_wconf 87' lang='lat' dir='ltr'><strong>misi.</strong></span> <span class='ocrx_word' id='word_1_72' title='bbox 377 1677 467 1734; x_wconf 84' lang='lat' dir='ltr'><strong>qnam</strong></span> <span class='ocrx_word' id='word_1_73' title='bbox 483 1664 659 1735; x_wconf 82' lang='lat' dir='ltr'><strong>perpetuam</strong></span> <span class='ocrx_word' id='word_1_74' title='bbox 679 1653 877 1740; x_wconf 77' lang='lat' dir='ltr'><strong>seruerienem</strong></span> <span class='ocrx_word' id='word_1_75' title='bbox 896 1674 991 1714; x_wconf 84' lang='lat' dir='ltr'><strong>meam</strong></span> <span class='ocrx_word' id='word_1_76' title='bbox 1012 1655 1159 1733; x_wconf 82' lang='lat' dir='ltr'><strong>quaedam</strong></span> <span class='ocrx_word' id='word_1_77' title='bbox 1176 1675 1206 1712; x_wconf 86' lang='lat' dir='ltr'><strong>ro</strong></span> 
     </span>
    </p>

    <p class='ocr_par' dir='ltr' id='par_1_5' title="bbox 228 1750 1202 2421">
     <span class='ocr_line' id='line_1_12' title="bbox 228 1750 1160 1832; baseline -0.003 -16"><span class='ocrx_word' id='word_1_78' title='bbox 228 1755 419 1818; x_wconf 65' lang='lat' dir='ltr'><strong>inecessitas</strong></span> <span class='ocrx_word' id='word_1_79' title='bbox 434 1753 525 1832; x_wconf 87' lang='lat' dir='ltr'><strong>rupit.</strong></span> <span class='ocrx_word' id='word_1_80' title='bbox 570 1753 656 1811; x_wconf 88' lang='lat' dir='ltr'><strong>uxori</strong></span> <span class='ocrx_word' id='word_1_81' title='bbox 672 1752 750 1810; x_wconf 89' lang='lat' dir='ltr'><strong>enim</strong></span> <span class='ocrx_word' id='word_1_82' title='bbox 769 1771 851 1810; x_wconf 84' lang='lat' dir='ltr'><strong>mene</strong></span> <span class='ocrx_word' id='word_1_83' title='bbox 869 1750 972 1812; x_wconf 77' lang='lat' dir='ltr'><strong>audite</strong></span> <span class='ocrx_word' id='word_1_84' title='bbox 992 1760 1089 1813; x_wconf 74' lang='lat' dir='ltr'><strong>morte</strong></span> <span class='ocrx_word' id='word_1_85' title='bbox 1109 1754 1160 1814; x_wconf 81' lang='lat' dir='ltr'><strong>aui</strong></span> 
     </span>
     <span class='ocr_line' id='line_1_13' title="bbox 258 1850 1160 1931; baseline 0 -21"><span class='ocrx_word' id='word_1_86' title='bbox 258 1851 372 1912; x_wconf 80' lang='lat' dir='ltr'><strong>uolenti</strong></span> <span class='ocrx_word' id='word_1_87' title='bbox 386 1851 425 1911; x_wconf 83' lang='lat' dir='ltr'><strong>ud</strong></span> <span class='ocrx_word' id='word_1_88' title='bbox 440 1850 564 1910; x_wconf 71' lang='lat' dir='ltr'><strong>nmirum</strong></span> <span class='ocrx_word' id='word_1_89' title='bbox 579 1869 663 1908; x_wconf 85' lang='lat' dir='ltr'><strong>snam</strong></span> <span class='ocrx_word' id='word_1_90' title='bbox 674 1868 829 1908; x_wconf 79' lang='lat' dir='ltr'><strong>excurrere</strong></span> <span class='ocrx_word' id='word_1_91' title='bbox 841 1868 925 1907; x_wconf 93' lang='lat' dir='ltr'><strong>usum</strong></span> <span class='ocrx_word' id='word_1_92' title='bbox 937 1868 1038 1908; x_wconf 88' lang='lat' dir='ltr'><strong>eonnn</strong></span> <span class='ocrx_word' id='word_1_93' title='bbox 1051 1868 1160 1931; x_wconf 84' lang='lat' dir='ltr'><strong>negare</strong></span> 
     </span>
     <span class='ocr_line' id='line_1_14' title="bbox 256 1944 1159 2026; baseline 0.001 -18"><span class='ocrx_word' id='word_1_94' title='bbox 256 1947 367 2008; x_wconf 88' lang='lat' dir='ltr'><strong>durum</strong></span> <span class='ocrx_word' id='word_1_95' title='bbox 396 1949 511 2026; x_wconf 75' lang='lat' dir='ltr'><strong>putaui,</strong></span> <span class='ocrx_word' id='word_1_96' title='bbox 538 1965 607 2006; x_wconf 90' lang='lat' dir='ltr'><strong>eum</strong></span> <span class='ocrx_word' id='word_1_97' title='bbox 635 1944 703 2005; x_wconf 77' lang='lat' dir='ltr'><strong>talis</strong></span> <span class='ocrx_word' id='word_1_98' title='bbox 727 1944 813 2005; x_wconf 90' lang='lat' dir='ltr'><strong>efficii</strong></span> <span class='ocrx_word' id='word_1_99' title='bbox 833 1945 932 2024; x_wconf 78' lang='lat' dir='ltr'><strong>gretie</strong></span> <span class='ocrx_word' id='word_1_100' title='bbox 951 1946 982 2005; x_wconf 91' lang='lat' dir='ltr'><strong>in</strong></span> <span class='ocrx_word' id='word_1_101' title='bbox 1006 1946 1159 2009; x_wconf 71' lang='lat' dir='ltr'><strong>eeleritate</strong></span> 
     </span>
     <span class='ocr_line' id='line_1_15' title="bbox 256 2043 1156 2125; baseline 0 -18"><span class='ocrx_word' id='word_1_102' title='bbox 256 2046 435 2107; x_wconf 75' lang='lat' dir='ltr'><strong>consisteret</strong></span> <span class='ocrx_word' id='word_1_103' title='bbox 458 2045 624 2122; x_wconf 83' lang='lat' dir='ltr'><strong>sciremque</strong></span> <span class='ocrx_word' id='word_1_104' title='bbox 649 2045 794 2104; x_wconf 75' lang='lat' dir='ltr'><strong>unionem</strong></span> <span class='ocrx_word' id='word_1_105' title='bbox 818 2043 932 2103; x_wconf 81' lang='lat' dir='ltr'><strong>itineris</strong></span> <span class='ocrx_word' id='word_1_106' title='bbox 953 2045 1156 2125; x_wconf 77' lang='lat' dir='ltr'><strong>probaturum,</strong></span> 
     </span>
     <span class='ocr_line' id='line_1_16' title="bbox 256 2141 1202 2222; baseline -0.005 -18"><span class='ocrx_word' id='word_1_107' title='bbox 256 2144 341 2205; x_wconf 91' lang='lat' dir='ltr'><strong>cuius</strong></span> <span class='ocrx_word' id='word_1_108' title='bbox 355 2163 444 2203; x_wconf 82' lang='lat' dir='ltr'><strong>eausa</strong></span> <span class='ocrx_word' id='word_1_109' title='bbox 466 2152 532 2204; x_wconf 77' lang='lat' dir='ltr'><strong>erat</strong></span> <span class='ocrx_word' id='word_1_110' title='bbox 554 2142 656 2222; x_wconf 77' lang='lat' dir='ltr'><strong>pietas</strong></span> <span class='ocrx_word' id='word_1_111' title='bbox 700 2142 772 2203; x_wconf 85' lang='lat' dir='ltr'><strong>haee</strong></span> <span class='ocrx_word' id='word_1_112' title='bbox 795 2141 849 2202; x_wconf 81' lang='lat' dir='ltr'><strong>eibi</strong></span> <span class='ocrx_word' id='word_1_113' title='bbox 872 2142 972 2222; x_wconf 90' lang='lat' dir='ltr'><strong>scripsi</strong></span> <span class='ocrx_word' id='word_1_114' title='bbox 994 2144 1064 2221; x_wconf 84' lang='lat' dir='ltr'><strong>quie</strong></span> <span class='ocrx_word' id='word_1_115' title='bbox 1085 2145 1157 2204; x_wconf 92' lang='lat' dir='ltr'><strong>mihi</strong></span> <span class='ocrx_word' id='word_1_116' title='bbox 1175 2159 1202 2213; x_wconf 82' lang='grc' dir='ltr'><strong>ις</strong></span> 
     </span>
     <span class='ocr_line' id='line_1_17' title="bbox 256 2239 1158 2321; baseline 0.001 -20"><span class='ocrx_word' id='word_1_117' title='bbox 256 2261 362 2321; x_wconf 78' lang='lat' dir='ltr'><strong>perum</strong></span> <span class='ocrx_word' id='word_1_118' title='bbox 376 2252 481 2320; x_wconf 81' lang='lat' dir='ltr'><strong>gratus</strong></span> <span class='ocrx_word' id='word_1_119' title='bbox 497 2241 560 2301; x_wconf 85' lang='lat' dir='ltr'><strong>iere</strong></span> <span class='ocrx_word' id='word_1_120' title='bbox 574 2239 706 2312; x_wconf 85' lang='lat' dir='ltr'><strong>uidebar,</strong></span> <span class='ocrx_word' id='word_1_121' title='bbox 722 2241 747 2300; x_wconf 92' lang='lat' dir='ltr'><strong>si</strong></span> <span class='ocrx_word' id='word_1_122' title='bbox 763 2240 993 2301; x_wconf 85' lang='lat' dir='ltr'><strong>dissimulassem</strong></span> <span class='ocrx_word' id='word_1_123' title='bbox 1007 2241 1087 2301; x_wconf 85' lang='lat' dir='ltr'><strong>inter</strong></span> <span class='ocrx_word' id='word_1_124' title='bbox 1100 2243 1158 2302; x_wconf 84' lang='lat' dir='ltr'><strong>alie</strong></span> 
     </span>
     <span class='ocr_line' id='line_1_18' title="bbox 256 2338 1155 2421; baseline 0.002 -22"><span class='ocrx_word' id='word_1_125' title='bbox 256 2339 398 2399; x_wconf 85' lang='lat' dir='ltr'><strong>beneficia</strong></span> <span class='ocrx_word' id='word_1_126' title='bbox 422 2340 477 2400; x_wconf 88' lang='lat' dir='ltr'><strong>hee</strong></span> <span class='ocrx_word' id='word_1_127' title='bbox 505 2359 624 2417; x_wconf 87' lang='lat' dir='ltr'><strong>qneqne</strong></span> <span class='ocrx_word' id='word_1_128' title='bbox 647 2359 693 2399; x_wconf 93' lang='lat' dir='ltr'><strong>mc</strong></span> <span class='ocrx_word' id='word_1_129' title='bbox 722 2340 829 2400; x_wconf 83' lang='lat' dir='ltr'><strong>debere</strong></span> <span class='ocrx_word' id='word_1_130' title='bbox 852 2338 1056 2421; x_wconf 82' lang='lat' dir='ltr'><strong>indulgentiae</strong></span> <span class='ocrx_word' id='word_1_131' title='bbox 1078 2351 1155 2413; x_wconf 81' lang='lat' dir='ltr'><strong>tune,</strong></span> 
     </span>
    </p>

    <p class='ocr_par' dir='ltr' id='par_1_6' title="bbox 184 2435 1155 2514">
     <span class='ocr_line' id='line_1_19' title="bbox 184 2435 1155 2514; baseline 0.004 -19"><span class='ocrx_word' id='word_1_132' title='bbox 184 2454 186 2457; x_wconf 88' lang='grc'><strong><em>·</em></strong></span> <span class='ocrx_word' id='word_1_133' title='bbox 255 2436 337 2514; x_wconf 88' lang='lat' dir='ltr'><strong>qued</strong></span> <span class='ocrx_word' id='word_1_134' title='bbox 351 2435 461 2496; x_wconf 86' lang='lat' dir='ltr'><strong>fiducia</strong></span> <span class='ocrx_word' id='word_1_135' title='bbox 472 2437 536 2496; x_wconf 93' lang='lat' dir='ltr'><strong>eius</strong></span> <span class='ocrx_word' id='word_1_136' title='bbox 546 2436 631 2513; x_wconf 81' lang='lat' dir='ltr'><strong>quusi</strong></span> <span class='ocrx_word' id='word_1_137' title='bbox 643 2436 779 2497; x_wconf 78' lang='lat' dir='ltr'><strong>consulte</strong></span> <span class='ocrx_word' id='word_1_138' title='bbox 790 2448 821 2497; x_wconf 71' lang='lat' dir='ltr'><strong>te</strong></span> <span class='ocrx_word' id='word_1_139' title='bbox 833 2457 891 2498; x_wconf 92' lang='lat' dir='ltr'><strong>non</strong></span> <span class='ocrx_word' id='word_1_140' title='bbox 903 2437 1039 2498; x_wconf 78' lang='lat' dir='ltr'><strong>dubitaui</strong></span> <span class='ocrx_word' id='word_1_141' title='bbox 1051 2437 1155 2511; x_wconf 86' lang='lat' dir='ltr'><strong>iecere,</strong></span> 
     </span>
    </p>

    <p class='ocr_par' dir='ltr' id='par_1_7' title="bbox 255 2533 859 2611">
     <span class='ocr_line' id='line_1_20' title="bbox 255 2533 859 2611; baseline 0 -18"><span class='ocrx_word' id='word_1_142' title='bbox 255 2552 346 2611; x_wconf 88' lang='lat' dir='ltr'><strong>quem</strong></span> <span class='ocrx_word' id='word_1_143' title='bbox 360 2533 386 2594; x_wconf 82' lang='lat' dir='ltr'><strong>si</strong></span> <span class='ocrx_word' id='word_1_144' title='bbox 399 2533 623 2605; x_wconf 88' lang='lat' dir='ltr'><strong>consuluissem,</strong></span> <span class='ocrx_word' id='word_1_145' title='bbox 640 2553 705 2594; x_wconf 91' lang='lat' dir='ltr'><strong>sero</strong></span> <span class='ocrx_word' id='word_1_146' title='bbox 719 2534 859 2595; x_wconf 81' lang='lat' dir='ltr'><strong>iecissem.</strong></span> 
     </span>
    </p>
   </div>
   <div class='ocr_carea' id='block_1_5' title="bbox 252 2710 1156 3349">
    <p class='ocr_par' dir='ltr' id='par_1_8' title="bbox 254 2710 811 2762">
     <span class='ocr_line' id='line_1_21' title="bbox 254 2710 811 2762; baseline 0.004 -1"><span class='ocrx_word' id='word_1_147' title='bbox 254 2714 270 2761; x_wconf 83' lang='lat'>4</span> <span class='ocrx_word' id='word_1_148' title='bbox 286 2712 462 2761; x_wconf 78' lang='lat' dir='ltr'><strong>constitueres</strong></span> <span class='ocrx_word' id='word_1_149' title='bbox 475 2710 607 2760; x_wconf 70' lang='lat' dir='ltr'><strong>Ewtim</strong></span> <span class='ocrx_word' id='word_1_150' title='bbox 618 2714 763 2762; x_wconf 79' lang='lat' dir='ltr'><strong>constitues</strong></span> <span class='ocrx_word' id='word_1_151' title='bbox 774 2718 811 2762; x_wconf 65' lang='lat' dir='ltr'><strong>Aa</strong></span> 
     </span>
    </p>

    <p class='ocr_par' dir='ltr' id='par_1_9' title="bbox 252 2793 1156 3349">
     <span class='ocr_line' id='line_1_22' title="bbox 290 2793 1156 2859; baseline 0.005 -18"><span class='ocrx_word' id='word_1_152' title='bbox 290 2800 352 2843; x_wconf 77' lang='lat'><strong>10⁸</strong></span> <span class='ocrx_word' id='word_1_153' title='bbox 374 2796 402 2843; x_wconf 74' lang='lat'><strong>14</strong></span> <span class='ocrx_word' id='word_1_154' title='bbox 419 2794 565 2857; x_wconf 88' lang='lat' dir='ltr'><strong>sciremque</strong></span> <span class='ocrx_word' id='word_1_155' title='bbox 577 2793 703 2843; x_wconf 80' lang='lat' dir='ltr'><strong>rationein</strong></span> <span class='ocrx_word' id='word_1_156' title='bbox 716 2799 736 2843; x_wconf 90' lang='lat' dir='ltr'>A</span> <span class='ocrx_word' id='word_1_157' title='bbox 747 2796 890 2859; x_wconf 81' lang='lat' dir='ltr'><strong>sciremque</strong></span> <span class='ocrx_word' id='word_1_158' title='bbox 903 2808 928 2844; x_wconf 83' lang='lat' dir='ltr'><strong>te</strong></span> <span class='ocrx_word' id='word_1_159' title='bbox 942 2796 1067 2845; x_wconf 71' lang='lat' dir='ltr'><strong>lurionem</strong></span> <span class='ocrx_word' id='word_1_160' title='bbox 1080 2809 1096 2844; x_wconf 77' lang='lat' dir='ltr'>a</span> <span class='ocrx_word' id='word_1_161' title='bbox 1128 2799 1156 2845; x_wconf 82' lang='grc'><strong>15</strong></span> 
     </span>
     <span class='ocr_line' id='line_1_23' title="bbox 255 2874 1154 2942; baseline 0.003 -19"><span class='ocrx_word' id='word_1_162' title='bbox 255 2874 318 2925; x_wconf 81' lang='lat' dir='ltr'><strong>hacc</strong></span> <span class='ocrx_word' id='word_1_163' title='bbox 331 2875 381 2924; x_wconf 83' lang='lat' dir='ltr'><strong>nni</strong></span> <span class='ocrx_word' id='word_1_164' title='bbox 393 2876 485 2940; x_wconf 80' lang='lat' dir='ltr'><strong>scripsi</strong></span> <span class='ocrx_word' id='word_1_165' title='bbox 498 2879 518 2923; x_wconf 90' lang='lat' dir='ltr'>A</span> <span class='ocrx_word' id='word_1_166' title='bbox 531 2875 594 2924; x_wconf 74' lang='lat' dir='ltr'><strong>inice</strong></span> <span class='ocrx_word' id='word_1_167' title='bbox 606 2876 697 2939; x_wconf 74' lang='lat' dir='ltr'><strong>scripsi</strong></span> <span class='ocrx_word' id='word_1_168' title='bbox 709 2889 726 2924; x_wconf 72' lang='lat' dir='ltr'><strong>a</strong></span> <span class='ocrx_word' id='word_1_169' title='bbox 760 2878 789 2925; x_wconf 89' lang='grc'><strong>16</strong></span> <span class='ocrx_word' id='word_1_170' title='bbox 803 2883 893 2941; x_wconf 77' lang='lat' dir='ltr'><strong>gratus</strong></span> <span class='ocrx_word' id='word_1_171' title='bbox 906 2877 960 2926; x_wconf 82' lang='lat' dir='ltr'><strong>fere</strong></span> <span class='ocrx_word' id='word_1_172' title='bbox 972 2883 991 2925; x_wconf 98' lang='lat' dir='ltr'>A</span> <span class='ocrx_word' id='word_1_173' title='bbox 1002 2887 1093 2942; x_wconf 81' lang='lat' dir='ltr'><strong>gratus</strong></span> <span class='ocrx_word' id='word_1_174' title='bbox 1106 2879 1154 2927; x_wconf 80' lang='lat' dir='ltr'><strong>tini</strong></span> 
     </span>
     <span class='ocr_line' id='line_1_24' title="bbox 255 2956 1155 3023; baseline 0.003 -18"><span class='ocrx_word' id='word_1_175' title='bbox 255 2956 310 3006; x_wconf 84' lang='lat' dir='ltr'><strong>iere</strong></span> <span class='ocrx_word' id='word_1_176' title='bbox 327 2970 344 3006; x_wconf 73' lang='grc' dir='ltr'>ι</span> <span class='ocrx_word' id='word_1_177' title='bbox 364 2958 392 3010; x_wconf 79' lang='grc'><strong>17</strong></span> <span class='ocrx_word' id='word_1_178' title='bbox 412 2957 460 3005; x_wconf 84' lang='lat' dir='ltr'><strong>hoc</strong></span> <span class='ocrx_word' id='word_1_179' title='bbox 477 2972 581 3020; x_wconf 86' lang='lat' dir='ltr'><strong>qunque</strong></span> <span class='ocrx_word' id='word_1_180' title='bbox 600 2973 640 3005; x_wconf 90' lang='lat' dir='ltr'><strong>me</strong></span> <span class='ocrx_word' id='word_1_181' title='bbox 657 2956 751 3007; x_wconf 82' lang='lat' dir='ltr'><strong>(lubere</strong></span> <span class='ocrx_word' id='word_1_182' title='bbox 768 2958 891 3007; x_wconf 62' lang='lat' dir='ltr'><strong>(resume</strong></span> <span class='ocrx_word' id='word_1_183' title='bbox 906 2958 953 3008; x_wconf 87' lang='lat' dir='ltr'><strong>hee</strong></span> <span class='ocrx_word' id='word_1_184' title='bbox 966 2975 1016 3008; x_wconf 92' lang='lat' dir='ltr'><strong>uno</strong></span> <span class='ocrx_word' id='word_1_185' title='bbox 1029 2958 1099 3023; x_wconf 73' lang='lat' dir='ltr'><strong>(nied</strong></span> <span class='ocrx_word' id='word_1_186' title='bbox 1114 2976 1155 3009; x_wconf 86' lang='lat' dir='ltr'><strong>me</strong></span> 
     </span>
     <span class='ocr_line' id='line_1_25' title="bbox 253 3038 1154 3106; baseline 0.007 -21"><span class='ocrx_word' id='word_1_187' title='bbox 253 3038 350 3088; x_wconf 78' lang='lat' dir='ltr'><strong>debere</strong></span> <span class='ocrx_word' id='word_1_188' title='bbox 361 3044 382 3088; x_wconf 92' lang='lat' dir='ltr'>A</span> <span class='ocrx_word' id='word_1_189' title='bbox 395 3039 443 3088; x_wconf 89' lang='lat' dir='ltr'><strong>hee</strong></span> <span class='ocrx_word' id='word_1_190' title='bbox 459 3055 511 3087; x_wconf 84' lang='lat' dir='ltr'><strong>uno</strong></span> <span class='ocrx_word' id='word_1_191' title='bbox 528 3055 632 3102; x_wconf 89' lang='lat' dir='ltr'><strong>queque</strong></span> <span class='ocrx_word' id='word_1_192' title='bbox 650 3055 689 3087; x_wconf 88' lang='lat' dir='ltr'><strong>me</strong></span> <span class='ocrx_word' id='word_1_193' title='bbox 706 3039 800 3088; x_wconf 81' lang='lat' dir='ltr'><strong>debere</strong></span> <span class='ocrx_word' id='word_1_194' title='bbox 819 3040 875 3089; x_wconf 84' lang='lat' dir='ltr'><strong>Ber.</strong></span> <span class='ocrx_word' id='word_1_195' title='bbox 891 3040 938 3090; x_wconf 90' lang='lat' dir='ltr'><strong>hoe</strong></span> <span class='ocrx_word' id='word_1_196' title='bbox 955 3057 1034 3089; x_wconf 90' lang='lat' dir='ltr'><strong>unum</strong></span> <span class='ocrx_word' id='word_1_197' title='bbox 1052 3057 1154 3106; x_wconf 87' lang='lat' dir='ltr'><strong>queque</strong></span> 
     </span>
     <span class='ocr_line' id='line_1_26' title="bbox 253 3120 1154 3185; baseline 0.007 -17"><span class='ocrx_word' id='word_1_198' title='bbox 253 3135 295 3169; x_wconf 89' lang='lat' dir='ltr'><strong>me</strong></span> <span class='ocrx_word' id='word_1_199' title='bbox 317 3120 413 3170; x_wconf 83' lang='lat' dir='ltr'><strong>debere</strong></span> <span class='ocrx_word' id='word_1_200' title='bbox 432 3120 487 3171; x_wconf 75' lang='lat' dir='ltr'><em>Cal.</em></span> <span class='ocrx_word' id='word_1_201' title='bbox 511 3120 559 3169; x_wconf 83' lang='lat' dir='ltr'><strong>ime</strong></span> <span class='ocrx_word' id='word_1_202' title='bbox 579 3136 657 3170; x_wconf 91' lang='lat' dir='ltr'><strong>unnm</strong></span> <span class='ocrx_word' id='word_1_203' title='bbox 676 3120 745 3185; x_wconf 73' lang='lat' dir='ltr'><strong>queri</strong></span> <span class='ocrx_word' id='word_1_204' title='bbox 767 3138 806 3170; x_wconf 88' lang='lat' dir='ltr'><strong>me</strong></span> <span class='ocrx_word' id='word_1_205' title='bbox 823 3121 917 3171; x_wconf 82' lang='lat' dir='ltr'><strong>‹icbere</strong></span> <span class='ocrx_word' id='word_1_206' title='bbox 934 3122 1079 3173; x_wconf 70' lang='lat' dir='ltr'><strong>seiebuma</strong></span> <span class='ocrx_word' id='word_1_207' title='bbox 1125 3126 1154 3174; x_wconf 83' lang='grc'><strong>18</strong></span> 
     </span>
     <span class='ocr_line' id='line_1_27' title="bbox 253 3201 1153 3268; baseline 0.003 -17"><span class='ocrx_word' id='word_1_208' title='bbox 253 3203 310 3251; x_wconf 85' lang='lat' dir='ltr'><strong>eins</strong></span> <span class='ocrx_word' id='word_1_209' title='bbox 326 3205 402 3268; x_wconf 79' lang='lat' dir='ltr'><strong>quusi</strong></span> <span class='ocrx_word' id='word_1_210' title='bbox 422 3201 642 3252; x_wconf 74' lang='lat' dir='ltr'><strong>consultorem</strong></span> <span class='ocrx_word' id='word_1_211' title='bbox 662 3202 717 3251; x_wconf 81' lang='lat' dir='ltr'><strong>eins</strong></span> <span class='ocrx_word' id='word_1_212' title='bbox 737 3219 788 3267; x_wconf 83' lang='lat' dir='ltr'><strong>que</strong></span> <span class='ocrx_word' id='word_1_213' title='bbox 812 3204 958 3254; x_wconf 80' lang='lat' dir='ltr'><strong>inconsulte</strong></span> <span class='ocrx_word' id='word_1_214' title='bbox 978 3213 1004 3254; x_wconf 80' lang='lat' dir='ltr'><strong>te</strong></span> <span class='ocrx_word' id='word_1_215' title='bbox 1026 3209 1047 3254; x_wconf 89' lang='lat' dir='ltr'>A</span> <span class='ocrx_word' id='word_1_216' title='bbox 1069 3205 1153 3255; x_wconf 83' lang='lat' dir='ltr'><strong>iecere</strong></span> 
     </span>
     <span class='ocr_line' id='line_1_28' title="bbox 252 3285 819 3349; baseline 0.002 -17"><span class='ocrx_word' id='word_1_217' title='bbox 252 3300 331 3349; x_wconf 88' lang='lat' dir='ltr'><strong>quem</strong></span> <span class='ocrx_word' id='word_1_218' title='bbox 343 3287 365 3333; x_wconf 79' lang='lat' dir='ltr'><strong>ei</strong></span> <span class='ocrx_word' id='word_1_219' title='bbox 377 3290 413 3334; x_wconf 80' lang='grc' dir='ltr'><strong>οι</strong></span> <span class='ocrx_word' id='word_1_220' title='bbox 450 3287 478 3332; x_wconf 77' lang='grc'><strong>111</strong></span> <span class='ocrx_word' id='word_1_221' title='bbox 494 3300 573 3347; x_wconf 88' lang='lat' dir='ltr'><strong>quem</strong></span> <span class='ocrx_word' id='word_1_222' title='bbox 584 3285 607 3333; x_wconf 85' lang='lat' dir='ltr'><strong>si</strong></span> <span class='ocrx_word' id='word_1_223' title='bbox 618 3285 676 3346; x_wconf 82' lang='lat' dir='ltr'><strong>[ern.</strong></span> <span class='ocrx_word' id='word_1_224' title='bbox 692 3285 787 3347; x_wconf 76' lang='lat' dir='ltr'><strong>iecere]</strong></span> <span class='ocrx_word' id='word_1_225' title='bbox 798 3288 819 3333; x_wconf 90' lang='lat' dir='ltr'>A</span> 
     </span>
    </p>
   </div>
   <div class='ocr_carea' id='block_1_6' title="bbox 0 0 1480 4175">
    <p class='ocr_par' dir='ltr' id='par_1_10' title="bbox 0 0 1480 4175">
     <span class='ocr_line' id='line_1_29' title="bbox 0 0 1480 4175; baseline 0 4"><span class='ocrx_word' id='word_1_226' title='bbox 0 0 1480 4175; x_wconf 95' lang='lat' dir='ltr'><strong> </strong></span> 
     </span>
    </p>
   </div>
  </div>
 </body>
</html>
