2950 4175
265 369 311 418 132
465 368 494 419 O.
514 368 617 418 PLINI
634 368 779 419 CAECILI
797 368 954 420 SECVNDI
988 368 1039 424 69.
1058 369 1118 430 (IX.
1127 370 1170 429 33)
1251 402 1258 437 4

217 513 247 568 11
304 514 385 573 Haeo
401 524 434 572 tu
456 533 517 591 qua
538 515 737 588 miseratione,
754 536 813 594 qua
834 515 919 595 eopia
939 514 1069 587 deflebis,
1086 533 1170 573 orna·
1243 542 1258 575 a

262 612 315 683 bis,
332 611 471 669 attolles!
504 632 675 689 quanquam
691 634 750 672 non
767 623 813 673 est
824 634 898 693 opus
909 613 1044 693 mlfingas
1054 612 1168 690 aliquid

261 719 316 768 aut
329 708 481 767 adstruas:
496 708 607 768 sufficit
620 730 658 769 ne
672 732 707 770 ea
721 732 798 789 quae
812 720 885 771 sunt
898 731 969 770 uera
984 711 1173 783 minuantur„

172 832 197 842 -
262 806 337 865 uale.

579 1021 656 1101 ²70.
691 1046 750 1106 (rx.
771 1049 824 1107 ee.)

488 1160 516 1210 c.
538 1159 684 1210 anrvs
702 1161 815 1212 evsco
832 1161 900 1211 svo
916 1160 941 1211 s.

230 1274 246 1329 l
301 1272 427 1346 Quaeris
447 1295 536 1353 quem
558 1276 596 1335 ad
622 1276 746 1336 modum
769 1278 799 1335 in
825 1277 929 1336 Tuseis
951 1275 1030 1334 diem
1052 1283 1167 1334 aestate

259 1369 426 1449 disponam.
461 1373 573 1454 euigilo
587 1393 656 1434 eum
671 1373 769 1446 libuit,
782 1374 957 1453 plerumque
971 1373 1048 1432 eirea
1062 1373 1166 1432 horam

260 1469 395 1546 primam,
413 1490 501 1550 saepe
522 1481 602 1543 ante,
626 1471 743 1531 tardius
765 1492 840 1531 raro.
879 1471 996 1531 clausae
1017 1471 1167 1531 fenestrae

230 1571 400 1626 2manent:
431 1568 506 1628 mire
527 1570 604 1628 enim
628 1569 749 1628 silentio
771 1578 802 1629 et
823 1569 954 1629 tenebris
973 1568 1011 1627 ab
1032 1569 1068 1628 iis
1089 1589 1167 1646 quae
1184 1585 1213 1621 ¹0

259 1676 388 1724 auoeant
401 1665 558 1739 abductus,
576 1675 608 1726 et
622 1666 697 1726 libor
711 1676 743 1726 et
757 1667 830 1725 mihi
844 1667 974 1739 relictus,
992 1687 1050 1725 non
1065 1666 1166 1727 oeulos

257 1761 359 1822 animo
384 1763 437 1822 sed
462 1764 596 1822 animum
621 1764 715 1824 oeulis
740 1784 855 1842 sequor,
883 1765 935 1841 qui
960 1764 1064 1824 eadem
1088 1785 1166 1842 quae

182 1866 195 1920 ‚¹1¹
258 1879 343 1920 mens
368 1860 483 1934 uident,
506 1861 647 1939 quotiens
676 1882 735 1922 non
765 1862 872 1922 uident
895 1862 961 1920 alia.
1004 1863 1113 1941 cogito,
1140 1863 1165 1922 si

183 1959 192 2022 i
258 1957 332 2036 quid
351 1960 381 2017 in
404 1958 551 2032 nianibus,
574 1960 674 2039 cogito
695 1960 734 2019 ad
757 1960 882 2020 uerbum
904 1959 1045 2019 scribenti
1068 1980 1166 2020 emen-

258 2056 404 2136 dantique
427 2056 541 2130 similis,
566 2077 645 2117 nune
662 2039 809 2137 'patroiora
834 2077 912 2118 nunc
941 2057 1034 2137 plura,
1061 2067 1096 2117 ut
1116 2059 1164 2119 uel
1183 2075 1210 2127 15

258 2154 378 2215 diffieile
392 2155 441 2216 uel
456 2155 544 2216 facile
558 2157 696 2233 oomponi
711 2157 847 2216 teneriuo
867 2165 1038 2236 potuerunt.
1083 2166 1166 2217 nota-

259 2254 337 2314 rium
360 2273 442 2326 noco,
466 2264 499 2313 ot
519 2252 569 2313 dio
590 2253 721 2313 admisso
745 2274 821 2330 qnae
843 2256 1039 2314 formaueram
1063 2255 1164 2315 dieto:

232 2354 331 2427 3ahit,
347 2371 510 2430 nasusque
527 2361 694 2424 rouoeatur,
712 2372 873 2429 rursusque
896 2354 1068 2411 remittitur.
1113 2354 1163 2412 ubi

261 2453 334 2514 hora
354 2461 464 2530 quarta
485 2449 534 2509 uel
555 2450 662 2527 quinta
684 2452 795 2527 (nequo
816 2451 895 2510 enim
917 2462 1031 2510 eertum
1052 2450 1165 2510 dimon-

262 2571 386 2631 sumque
408 2550 548 2628 tempus),
574 2557 609 2606 ut
631 2546 695 2608 dies
719 2549 821 2621 strasit,
846 2549 876 2607 in
902 2561 1024 2627 xystum
1046 2569 1094 2607 me
1115 2549 1164 2609 uel
1179 2562 1211 2598 20

263 2649 517 2734 cryptoporticum
544 2646 674 2717 eonioro,
704 2646 819 2724 reliqua
847 2646 975 2705 moditor
1008 2657 1041 2706 et
1072 2646 1162 2706 dieto.

266 2750 431 2818 uehiculum
448 2743 592 2806 ascendo:
616 2744 655 2802 ibi
674 2765 793 2821 qumque
813 2745 890 2804 irioni
911 2744 990 2821 quod
1008 2744 1163 2803 aminrlans

268 2866 319 2920 aut
345 2854 457 2913 iacens:
486 2843 577 2904 durat
604 2843 734 2901 intentio
760 2844 925 2902 mutatione
955 2844 1016 2921 ipsa
1042 2843 1161 2901 reiecta.

271 2954 386 3043 putiani
421 2944 575 3013 redormiq
611 2941 680 2999 doin
721 2941 850 3011 ambulo,
890 2962 958 2998 mox
997 2941 1162 3000 orationem

223 3043 243 3075 ⁴
274 3061 410 3121 Gmemm
431 3045 604 3107 latinamno
625 3039 702 3097 clare
725 3051 753 3096 ot
778 3041 976 3116 intenturam
999 3052 1058 3097 tam
1083 3040 1163 3097 noris
1178 3054 1206 3102 25

277 3179 359 3227 musa
383 3126 636 3232 quaritxstomachi
667 3136 749 3212 logo:
787 3137 897 3214 paritor
926 3150 1024 3195 teunen
1054 3150 1085 3195 ot
1112 3137 1163 3195 iiia

283 3324 299 3371 3
313 3315 426 3368 misimus
435 3318 468 3355 ou
478 3305 588 3350 stranea

317 3408 358 3455 qo
375 3398 403 3446 18
414 3385 552 3443 remittitur
561 3393 578 3428 a
588 3372 733 3424 ‹linrittitnr
744 3382 777 3417 ou
811 3370 843 3416 a)
861 3369 895 3415 iti
909 3384 925 3417 a
938 3370 980 3416 nbi
995 3383 1027 3416 ou
1060 3372 1092 3417 ‘2ss
1105 3369 1162 3433 logo
