2950 4175
344 386 395 443 87.
414 387 458 447 (X.
469 388 511 446 30)
593 386 794 437 EPISTVLAE
810 388 1002 441 SELEOTAE.
1207 384 1253 433 143

344 532 471 590 niuntur
485 531 594 608 quibus
609 529 691 590 eredi
706 533 809 608 possit,
825 542 858 592 et
871 533 939 593 ideo
955 554 1015 594 non
1035 533 1166 593 deerunt
1186 527 1249 598 tibi,

344 627 433 686 medo
448 626 523 686 uelis
537 627 701 706 diligenter
715 636 864 687 excutere.

659 913 710 968 86.
745 916 789 975 (X.
808 916 842 966 ‘39
858 917 934 978 [38].)

478 1030 507 1079 C.
528 1027 676 1078 PLINIVS
693 1028 859 1079 TRAIANO
877 1030 1116 1082 IMPERATORI.

301 1163 314 1214 5
385 1143 581 1222 Sempronius
607 1140 774 1215 CaelianuS,
801 1145 940 1224 egregius
965 1145 1092 1217 iuuenis,
1118 1148 1282 1225 repertosl

344 1243 424 1301 inter
445 1241 558 1300 tirones
578 1239 654 1299 duos
676 1259 778 1299 seruos
800 1240 883 1299 misit
901 1240 940 1299 ed
960 1261 1007 1301 me
1018 1264 1026 1315 ;
1047 1262 1176 1319 quorum
1198 1262 1254 1322 ego

345 1338 524 1418 supplicium
538 1337 654 1409 distuli,
670 1346 706 1396 ut
723 1347 754 1396 te
775 1337 962 1397 conditorem
982 1337 1158 1418 disciplinae
1180 1339 1254 1398 mili-

346 1437 419 1496 taris
447 1437 691 1514 fimietorenrque
724 1435 909 1495 consulerem
938 1434 976 1495 de
1011 1435 1102 1496 medo
1130 1456 1252 1516 poenae.

344 1536 408 1613 ipse
421 1535 502 1594 enim
520 1533 628 1594 dubito
648 1534 687 1594 ob
702 1533 758 1593 hoe
772 1533 911 1602 maxime,
928 1531 1018 1610 qued,
1040 1542 1075 1592 ut
1094 1532 1155 1593 iem
1172 1533 1284 1594 dixe-2

303 1651 332 1684 ¹0
345 1642 414 1692 rant
441 1641 635 1704 sacramente,
656 1632 699 1691 ite
727 1630 862 1690 nondum
879 1628 1035 1689 distributi
1059 1630 1090 1689 in
1114 1650 1254 1691 numeros

344 1739 438 1790 erent.
484 1729 558 1807 quid
573 1750 645 1810 ergo
658 1729 784 1789 debeam
798 1729 881 1806 sequi
898 1748 979 1807 rogo,
991 1727 1120 1798 domine,
1133 1728 1252 1799 scribas,

345 1828 520 1906 praesertim
535 1848 603 1888 eum
618 1828 769 1907 pertineat
782 1827 821 1886 ed
837 1825 1017 1906 exemplum.

660 2120 711 2177 8⁷.
747 2121 790 2181 (X.
811 2122 844 2171 30
860 2121 936 2182 [39].)

620 2236 811 2287 TRAIANVS
835 2235 965 2287 PLINIO.

303 2376 311 2411 r
316 2374 329 2427 5
385 2354 555 2414 Seeuruinm
572 2352 714 2412 mandate
725 2373 792 2412 mee
804 2352 876 2412 feeit
887 2350 1082 2431 Sempronius
1093 2349 1253 2411 Caelianus
1266 2352 1281 2406 1

345 2452 493 2512 mittendo
507 2451 545 2511 ed
567 2462 597 2510 to
619 2470 669 2510 eos
690 2450 728 2510 de
749 2450 859 2528 quibus
880 2450 1017 2529 eognosei
1040 2448 1194 2528 oportebit
1214 2468 1251 2507 an

343 2550 470 2630 capitale
484 2548 664 2629 supplicium
679 2549 824 2608 meruisse
836 2547 1005 2607 uideantur.
1042 2548 1136 2606 refert
1149 2556 1251 2605 eritern

345 2648 507 2708 uoluntarii
522 2666 554 2707 ee
568 2645 736 2707 obtulerint
749 2666 789 2705 eu
803 2645 872 2706 lecti
888 2646 951 2705 sint
967 2644 1015 2705 uel
1034 2645 1127 2705 etiem
1148 2644 1250 2704 uieerii

343 2746 416 2805 deti.
453 2747 480 2804 ei
495 2745 564 2806 lecti
579 2754 659 2815 sunt,
675 2743 832 2821 inquisitio
847 2743 999 2821 peeeenit:
1018 2742 1043 2801 si
1058 2742 1163 2801 uicerii
1176 2741 1250 2813 deti,
1264 2740 1282 2796 2

299 2866 331 2901 20
345 2864 434 2921 penes
448 2864 498 2903 eos
512 2842 600 2921 eulpa
619 2851 666 2901 est
684 2842 735 2919 qni
756 2841 925 2901 dederunt:
947 2841 971 2900 si
992 2840 1058 2919 ipsi,
1074 2860 1142 2900 euni
1165 2839 1251 2899 hebe-

345 2953 412 3000 rent
425 2940 608 3001 condicionis
622 2960 692 2998 suae
707 2940 928 3010 conscientiam,
946 2947 1103 3010 uenerunt,
1120 2937 1251 2996 euinrod-

345 3038 523 3099 uertendum
539 3039 569 3097 in
586 3037 651 3097 illos
666 3038 731 3097 erit.
777 3058 872 3115 neque
888 3038 966 3097 eninr
983 3035 1112 3096 multum
1125 3035 1248 3095 interest

344 3137 423 3214 quiid
440 3137 573 3196 norulum
589 3156 641 3215 per
656 3156 795 3195 rnuneros
809 3134 964 3194 distributi
981 3146 1060 3194 sunt.
1104 3133 1155 3194 ille
1170 3134 1247 3193 enini

377 3306 419 3347 80
441 3302 457 3347 9
475 3298 510 3346 ob
528 3299 591 3347 baec
608 3312 625 3347 a
673 3300 701 3344 to
723 3298 762 3346 itu
782 3297 898 3345 nonduin
915 3303 934 3345 0
952 3296 1052 3345 militer
1069 3297 1078 3345 i
1096 3296 1212 3345 nondum
1232 3308 1250 3342 a

345 3382 451 3430 militaui
466 3383 500 3429 im
512 3381 627 3430 nonduin
644 3380 742 3428 tusum

377 3471 416 3511 et
440 3467 468 3512 tu
484 3464 548 3512 «bui
586 3463 656 3511 lecti
670 3471 731 3509 num
744 3475 762 3510 a
773 3461 829 3509 deti
846 3461 905 3509 lecti
919 3463 940 3508 ei
955 3470 1018 3509 aurit
1030 3460 1102 3510 Get!
