2950 4175
308 394 343 448 m
519 393 1009 477 cremosrccmsrcvltm
1060 396 1217 465 sacac

310 543 397 623 quasi
432 542 548 603 semina
582 542 675 604 latius
708 564 826 627 spargo,
855 554 996 626 atquae
1020 544 1219 627 pmuenerint
1294 556 1305 649 Ι

265 644 299 702 17
310 640 458 721 colligam
510 641 714 719 nequeenim
737 643 838 705 minus
857 642 1064 727 imperspicua,
1091 642 1216 717 incerta,

310 736 430 798 fallacia
460 745 533 798 sunt
563 736 698 800 iudicum
729 740 852 822 ingenia
880 760 972 823 quam
998 748 1217 823 temperem

310 844 528 914 terrarumque.
573 855 628 897 nec
651 856 701 898 me
724 838 871 919 praeterit
892 858 1043 901 summum
1065 846 1217 903 craterem

310 930 447 993 Periclen
461 933 503 994 sic
517 952 536 993 a
550 934 664 995 comico
677 934 826 1016 Eupolide
839 934 965 1011 lauderi,
1245 954 1261 1009 s

594 1031 666 1109 πρὸς
678 1028 709 1091 δέ
721 1034 751 1113 γ’
763 1030 854 1093 crisci
864 1030 907 1113 epi
917 1032 1002 1113 nixae
1054 1046 1058 1051 '

473 1125 562 1186 πειθώ
576 1150 621 1190 τις
633 1126 794 1208 ἐπεκάθητο
807 1134 887 1191 τοῖσι
901 1130 1040 1209 χείλεσιν.

472 1224 562 1286 οὕτως
575 1223 682 1303 insila,
699 1224 749 1285 καὶ
761 1226 849 1304 ,itm
860 1226 1058 1305 τὸνρητόρυν
1085 1236 1090 1255 ²

473 1319 507 1378 τὸ
522 1320 640 1400 κέντρον
654 1322 840 1404 ἐγκατέλιπε
851 1328 914 1389 τοῖς
926 1320 1120 1402 (inmisistis.

263 1421 297 1480 1⁸
309 1412 417 1481 uerum
431 1418 501 1480 huic
515 1419 573 1500 ipsi
587 1418 696 1482 Pericli
710 1440 766 1483 nec
780 1420 835 1484 illa
852 1415 940 1483 nect
956 1440 1013 1483 nec
1026 1418 1105 1483 illud
1116 1418 1217 1497 ἒκῆλει
1231 1440 1263 1479 ιο

309 1516 462 1578 breuitate
480 1516 530 1577 uel
548 1516 710 1580 uelocitate
729 1518 778 1581 uel
800 1526 929 1599 utreque
946 1516 1104 1595 (differunt
1120 1518 1216 1597 enim)

309 1615 375 1676 sine
401 1613 548 1675 facultate
575 1635 694 1677 summa
720 1615 902 1699 contigisset
958 1636 1029 1677 nem
1054 1614 1213 1691 delectere,

309 1711 490 1794 persuadere
524 1712 641 1792 copiam
675 1712 795 1775 dicendi
829 1713 1020 1795 spatiumque
1052 1712 1213 1789 desiderat,

308 1809 479 1889 relinquere
507 1829 581 1870 uero
608 1809 746 1871 eculeum
772 1811 805 1871 in
832 1808 1022 1873 audientium
1053 1809 1162 1873 animis
1188 1811 1215 1873 is

263 1912 297 1969 19
307 1906 431 1969 demum
445 1915 548 1986 potest
561 1908 613 1985 qui
629 1928 689 1969 non
704 1909 821 1990 pungit,
837 1908 891 1970 sed
904 1908 1010 1991 infigit
1045 1907 1123 1971 adde
1136 1927 1215 1989 quae
1230 1922 1260 1976 ¹⁵

308 2003 348 2067 de
362 2003 468 2066 eodem
482 2003 599 2067 Pericle
613 2005 744 2068 comicus
757 2006 842 2081 alter,

431 2103 582 2182 ἤστραπτ’,
598 2102 731 2182 ἐβρόντα,
746 2104 891 2164 σννεκῦκα
903 2103 958 2183 τὴν
966 2103 1107 2167 Ἐλλάδα,

309 2221 371 2264 non
385 2201 467 2263 enim
480 2211 639 2284 amputata
646 2202 745 2265 oratio
753 2211 785 2265 et
792 2202 968 2266 abscisssed
980 2202 1044 2266 late
1055 2211 1089 2266 et
1100 2203 1215 2286 mgni-

309 2299 365 2361 iica
389 2308 422 2361 et
445 2300 563 2362 excelsa
586 2309 682 2375 tonat,
707 2300 852 2382 fulgurat,
877 2301 978 2364 omnia
997 2300 1127 2382 denique
1149 2321 1215 2382 per

310 2398 602 2461 turbatacmiscet.’
1227 2417 1261 2456 so

264 2501 298 2559 w
353 2495 512 2576 ‘Optimus
524 2504 628 2557 temen
642 2496 751 2558 modus
765 2494 831 2558 est'
869 2496 938 2576 quis
956 2498 1068 2578 negetl
1085 2495 1139 2559 sed
1152 2516 1214 2559 non

310 2595 411 2656 minus
432 2614 494 2655 non
516 2603 619 2655 seruat
641 2595 766 2657 modum
787 2594 841 2675 qui
862 2594 942 2656 inira
962 2613 1137 2675 remquam
1160 2595 1214 2675 qui

265 2698 297 2755 21
311 2712 410 2773 supra,
425 2692 478 2771 qui
492 2691 668 2753 adstrictius
682 2713 773 2772 quam
786 2692 840 2772 qui
853 2691 975 2754 effusius
987 2691 1070 2753 dicit.
1111 2691 1214 2772 itaque

311 2790 398 2853 audis
412 2789 588 2868 frequenter
601 2800 637 2851 ut
651 2790 726 2851 illud
749 2790 924 2853 ‘immodice
944 2798 976 2851 et
995 2788 1215 2851 redundanter'

311 2891 355 2951 ita
377 2889 433 2950 hoc
458 2889 576 2950 ‘ieiune
598 2899 630 2950 et
652 2887 788 2950 infimus!
841 2888 918 2950 alius
939 2888 1097 2950 excessisse
1123 2895 1215 2949 mate·
1228 2901 1259 2954 25

311 2988 396 3061 riam,
411 2987 489 3048 alius
503 2988 617 3047 dicitur
630 3007 690 3048 non
705 2986 850 3065 implesse.
903 3006 998 3066 aeque
1011 2995 1145 3065 uterque,
1161 2984 1213 3047 sed

312 3085 363 3147 illc
377 3085 593 3158 imbecillitate,
616 3086 663 3146 hic
685 3085 800 3145 uiribus
818 3092 939 3165 peccat;
959 3083 1039 3164 quod
1052 3093 1141 3157 certe,
1157 3083 1214 3145 etsi

266 3185 300 3243 22
313 3204 373 3245 non
388 3183 555 3255 limatioris,
570 3183 691 3244 maioris
705 3192 807 3244 tamen
821 3181 935 3264 ingenii
945 3182 1053 3243 uitium
1064 3191 1117 3244 est.
1160 3201 1215 3244 nec

315 3328 325 3375 l
353 3326 453 3375 semina
476 3324 557 3374 latius
582 3329 672 3374 Brona
697 3323 777 3374 latius
801 3324 900 3373 semine
921 3328 970 3372 HV
1010 3323 1028 3373 2
1050 3323 1214 3389 inperspicua

313 3407 415 3458 incerta
426 3412 491 3456 tiva
502 3406 670 3472 imperspicua
683 3420 711 3456 sc
724 3407 826 3456 incerta
839 3410 895 3456 Bm
906 3405 1072 3471 inperspicua
1084 3411 1114 3456 et
1127 3421 1214 3457 neees-

312 3502 405 3540 sariec
428 3502 433 3511 ·
