<?xml version="1.0" encoding="UTF-8"?>
<!DOCTYPE html PUBLIC "-//W3C//DTD XHTML 1.0 Transitional//EN"
    "http://www.w3.org/TR/xhtml1/DTD/xhtml1-transitional.dtd">
<html xmlns="http://www.w3.org/1999/xhtml" xml:lang="en" lang="en">
 <head>
  <title>
</title>
<meta http-equiv="Content-Type" content="text/html;charset=utf-8" />
  <meta name='ocr-system' content='tesseract 3.04.00' />
  <meta name='ocr-capabilities' content='ocr_page ocr_carea ocr_par ocr_line ocrx_word'/>
</head>
<body>
  <div class='ocr_page' id='page_1' title='image "./selectedletters01merrgoog_0127.png"; bbox 0 0 2950 4175; ppageno 0'>
   <div class='ocr_carea' id='block_1_1' title="bbox 295 382 1202 447">
    <p class='ocr_par' dir='ltr' id='par_1_1' title="bbox 295 382 1202 447">
     <span class='ocr_line' id='line_1_1' title="bbox 295 382 1202 447; baseline -0.003 -8"><span class='ocrx_word' id='word_1_1' title='bbox 295 386 328 440; x_wconf 70' lang='grc' dir='ltr'><strong>το</strong></span> <span class='ocrx_word' id='word_1_2' title='bbox 503 384 530 436; x_wconf 83' lang='lat' dir='ltr'><strong>c.</strong></span> <span class='ocrx_word' id='word_1_3' title='bbox 552 383 650 434; x_wconf 74' lang='lat' dir='ltr'><strong>rann</strong></span> <span class='ocrx_word' id='word_1_4' title='bbox 667 383 811 435; x_wconf 80' lang='lat' dir='ltr'><strong>ensem</strong></span> <span class='ocrx_word' id='word_1_5' title='bbox 828 382 985 436; x_wconf 81' lang='lat' dir='ltr'><strong>saevum</strong></span> <span class='ocrx_word' id='word_1_6' title='bbox 1015 384 1068 440; x_wconf 76' lang='lat' dir='ltr'><strong>aa</strong></span> <span class='ocrx_word' id='word_1_7' title='bbox 1086 384 1147 447; x_wconf 78' lang='lat' dir='ltr'><strong>nv,</strong></span> <span class='ocrx_word' id='word_1_8' title='bbox 1159 384 1202 447; x_wconf 74' lang='lat' dir='ltr'><strong>aa)</strong></span> 
     </span>
    </p>
   </div>
   <div class='ocr_carea' id='block_1_2' title="bbox 327 645 1161 832">
    <p class='ocr_par' dir='ltr' id='par_1_2' title="bbox 327 645 1161 832">
     <span class='ocr_line' id='line_1_2' title="bbox 634 645 854 707; baseline -0.014 -7"><span class='ocrx_word' id='word_1_9' title='bbox 634 645 685 700; x_wconf 82' lang='lat'><strong>34.</strong></span> <span class='ocrx_word' id='word_1_10' title='bbox 721 646 779 706; x_wconf 83' lang='lat' dir='ltr'><strong>(lv.</strong></span> <span class='ocrx_word' id='word_1_11' title='bbox 803 648 854 707; x_wconf 74' lang='lat'>19.)</span> 
     </span>
     <span class='ocr_line' id='line_1_3' title="bbox 327 777 1161 832; baseline -0.005 0"><span class='ocrx_word' id='word_1_12' title='bbox 327 780 357 832; x_wconf 87' lang='lat' dir='ltr'><strong>C.</strong></span> <span class='ocrx_word' id='word_1_13' title='bbox 377 777 523 830; x_wconf 82' lang='lat' dir='ltr'>PLINIVS</span> <span class='ocrx_word' id='word_1_14' title='bbox 543 777 779 829; x_wconf 78' lang='lat' dir='ltr'>CALPVRNIAE</span> <span class='ocrx_word' id='word_1_15' title='bbox 800 778 1006 830; x_wconf 79' lang='lat' dir='ltr'>HISPVLLAE</span> <span class='ocrx_word' id='word_1_16' title='bbox 1023 778 1119 831; x_wconf 80' lang='lat' dir='ltr'>SVAE</span> <span class='ocrx_word' id='word_1_17' title='bbox 1135 779 1161 830; x_wconf 88' lang='lat' dir='ltr'><strong>S.</strong></span> 
     </span>
    </p>
   </div>
   <div class='ocr_carea' id='block_1_3' title="bbox 211 895 1246 3219">
    <p class='ocr_par' dir='ltr' id='par_1_3' title="bbox 211 895 1246 3219">
     <span class='ocr_line' id='line_1_4' title="bbox 265 895 1201 975; baseline -0.003 -17"><span class='ocrx_word' id='word_1_18' title='bbox 265 902 281 958; x_wconf 93' lang='lat'>1</span> <span class='ocrx_word' id='word_1_19' title='bbox 336 895 413 958; x_wconf 87' lang='lat' dir='ltr'><strong>Cum</strong></span> <span class='ocrx_word' id='word_1_20' title='bbox 427 895 467 954; x_wconf 90' lang='lat' dir='ltr'><strong>sis</strong></span> <span class='ocrx_word' id='word_1_21' title='bbox 482 895 602 974; x_wconf 87' lang='lat' dir='ltr'><strong>pietatis</strong></span> <span class='ocrx_word' id='word_1_22' title='bbox 616 895 795 974; x_wconf 85' lang='lat' dir='ltr'><strong>exemplum,</strong></span> <span class='ocrx_word' id='word_1_23' title='bbox 808 895 991 974; x_wconf 71' lang='lat' dir='ltr'><strong>fratremque</strong></span> <span class='ocrx_word' id='word_1_24' title='bbox 1005 896 1156 975; x_wconf 89' lang='lat' dir='ltr'><strong>optimum</strong></span> <span class='ocrx_word' id='word_1_25' title='bbox 1168 905 1201 956; x_wconf 91' lang='lat' dir='ltr'><strong>et</strong></span> 
     </span>
     <span class='ocr_line' id='line_1_5' title="bbox 294 992 1200 1071; baseline -0.001 -17"><span class='ocrx_word' id='word_1_26' title='bbox 294 992 531 1054; x_wconf 84' lang='lat' dir='ltr'><strong>amantissimum</strong></span> <span class='ocrx_word' id='word_1_27' title='bbox 560 992 605 1051; x_wconf 88' lang='lat' dir='ltr'><strong>tui</strong></span> <span class='ocrx_word' id='word_1_28' title='bbox 630 993 694 1071; x_wconf 83' lang='lat' dir='ltr'><strong>pari</strong></span> <span class='ocrx_word' id='word_1_29' title='bbox 718 992 845 1052; x_wconf 86' lang='lat' dir='ltr'><strong>caritate</strong></span> <span class='ocrx_word' id='word_1_30' title='bbox 869 992 1019 1066; x_wconf 82' lang='lat' dir='ltr'><strong>dilexeris,</strong></span> <span class='ocrx_word' id='word_1_31' title='bbox 1045 992 1200 1071; x_wconf 87' lang='lat' dir='ltr'><strong>filiamque</strong></span> 
     </span>
     <span class='ocr_line' id='line_1_6' title="bbox 264 1087 1245 1167; baseline -0.001 -17"><span class='ocrx_word' id='word_1_32' title='bbox 264 1123 266 1126; x_wconf 94' lang='lat'>·</span> <span class='ocrx_word' id='word_1_33' title='bbox 295 1089 360 1150; x_wconf 90' lang='lat' dir='ltr'><strong>eius</strong></span> <span class='ocrx_word' id='word_1_34' title='bbox 382 1096 418 1148; x_wconf 94' lang='lat' dir='ltr'><strong>ut</strong></span> <span class='ocrx_word' id='word_1_35' title='bbox 438 1096 521 1147; x_wconf 90' lang='lat' dir='ltr'><strong>tuam</strong></span> <span class='ocrx_word' id='word_1_36' title='bbox 541 1087 658 1167; x_wconf 80' lang='lat' dir='ltr'><strong>diligas,</strong></span> <span class='ocrx_word' id='word_1_37' title='bbox 681 1108 734 1149; x_wconf 90' lang='lat' dir='ltr'><strong>nec</strong></span> <span class='ocrx_word' id='word_1_38' title='bbox 763 1098 883 1149; x_wconf 85' lang='lat' dir='ltr'><strong>tantum</strong></span> <span class='ocrx_word' id='word_1_39' title='bbox 903 1089 1013 1150; x_wconf 86' lang='lat' dir='ltr'><strong>amitae</strong></span> <span class='ocrx_word' id='word_1_40' title='bbox 1038 1089 1067 1149; x_wconf 86' lang='lat' dir='ltr'><strong>ei</strong></span> <span class='ocrx_word' id='word_1_41' title='bbox 1091 1108 1200 1149; x_wconf 87' lang='lat' dir='ltr'><strong>uerum</strong></span> <span class='ocrx_word' id='word_1_42' title='bbox 1231 1116 1245 1167; x_wconf 73' lang='grc' dir='ltr'><strong><em>ς</em></strong></span> 
     </span>
     <span class='ocr_line' id='line_1_7' title="bbox 296 1185 1200 1267; baseline 0 -20"><span class='ocrx_word' id='word_1_43' title='bbox 296 1187 387 1247; x_wconf 89' lang='lat' dir='ltr'><strong>etiam</strong></span> <span class='ocrx_word' id='word_1_44' title='bbox 401 1185 495 1265; x_wconf 87' lang='lat' dir='ltr'><strong>patris</strong></span> <span class='ocrx_word' id='word_1_45' title='bbox 508 1185 607 1245; x_wconf 89' lang='lat' dir='ltr'><strong>amissi</strong></span> <span class='ocrx_word' id='word_1_46' title='bbox 622 1185 775 1246; x_wconf 88' lang='lat' dir='ltr'><strong>adiectum</strong></span> <span class='ocrx_word' id='word_1_47' title='bbox 790 1195 1002 1267; x_wconf 75' lang='lat' dir='ltr'><strong>repraesentes,</strong></span> <span class='ocrx_word' id='word_1_48' title='bbox 1014 1207 1075 1246; x_wconf 94' lang='lat' dir='ltr'><strong>non</strong></span> <span class='ocrx_word' id='word_1_49' title='bbox 1088 1185 1200 1247; x_wconf 90' lang='lat' dir='ltr'><strong>dubito</strong></span> 
     </span>
     <span class='ocr_line' id='line_1_8' title="bbox 296 1282 1200 1366; baseline 0.002 -24"><span class='ocrx_word' id='word_1_50' title='bbox 296 1284 427 1343; x_wconf 85' lang='lat' dir='ltr'><strong>maximo</strong></span> <span class='ocrx_word' id='word_1_51' title='bbox 455 1282 510 1341; x_wconf 89' lang='lat' dir='ltr'><strong>tibi</strong></span> <span class='ocrx_word' id='word_1_52' title='bbox 537 1283 647 1364; x_wconf 88' lang='lat' dir='ltr'><strong>gaudio</strong></span> <span class='ocrx_word' id='word_1_53' title='bbox 675 1283 747 1355; x_wconf 88' lang='lat' dir='ltr'><strong>iore,</strong></span> <span class='ocrx_word' id='word_1_54' title='bbox 778 1303 846 1344; x_wconf 90' lang='lat' dir='ltr'><strong>cum</strong></span> <span class='ocrx_word' id='word_1_55' title='bbox 873 1284 1049 1364; x_wconf 86' lang='lat' dir='ltr'><strong>cognoueris</strong></span> <span class='ocrx_word' id='word_1_56' title='bbox 1072 1283 1200 1366; x_wconf 85' lang='lat' dir='ltr'><strong>dignam</strong></span> 
     </span>
     <span class='ocr_line' id='line_1_9' title="bbox 266 1380 1200 1462; baseline 0.002 -21"><span class='ocrx_word' id='word_1_57' title='bbox 266 1395 283 1451; x_wconf 83' lang='lat'><strong>2</strong></span> <span class='ocrx_word' id='word_1_58' title='bbox 296 1392 389 1461; x_wconf 83' lang='lat' dir='ltr'><strong>patre,</strong></span> <span class='ocrx_word' id='word_1_59' title='bbox 405 1380 527 1461; x_wconf 86' lang='lat' dir='ltr'>dignam</span> <span class='ocrx_word' id='word_1_60' title='bbox 542 1392 580 1454; x_wconf 89' lang='lat' dir='ltr'><strong>te,</strong></span> <span class='ocrx_word' id='word_1_61' title='bbox 596 1381 718 1462; x_wconf 86' lang='lat' dir='ltr'><strong>dignam</strong></span> <span class='ocrx_word' id='word_1_62' title='bbox 731 1402 790 1442; x_wconf 90' lang='lat' dir='ltr'><strong>auo</strong></span> <span class='ocrx_word' id='word_1_63' title='bbox 804 1381 941 1443; x_wconf 84' lang='lat' dir='ltr'><strong>euadere.</strong></span> <span class='ocrx_word' id='word_1_64' title='bbox 983 1403 1134 1443; x_wconf 90' lang='lat' dir='ltr'><strong>summum</strong></span> <span class='ocrx_word' id='word_1_65' title='bbox 1151 1392 1200 1444; x_wconf 86' lang='lat' dir='ltr'><strong>est</strong></span> 
     </span>
     <span class='ocr_line' id='line_1_10' title="bbox 295 1479 1199 1560; baseline 0.004 -21"><span class='ocrx_word' id='word_1_66' title='bbox 295 1499 428 1550; x_wconf 84' lang='lat' dir='ltr'><strong>acumen,</strong></span> <span class='ocrx_word' id='word_1_67' title='bbox 445 1500 560 1538; x_wconf 87' lang='lat' dir='ltr'><strong>summa</strong></span> <span class='ocrx_word' id='word_1_68' title='bbox 574 1479 739 1560; x_wconf 81' lang='lat' dir='ltr'><strong>frugalitas.</strong></span> <span class='ocrx_word' id='word_1_69' title='bbox 783 1490 866 1540; x_wconf 86' lang='lat' dir='ltr'><strong>amat</strong></span> <span class='ocrx_word' id='word_1_70' title='bbox 879 1501 935 1554; x_wconf 91' lang='lat' dir='ltr'><strong>me,</strong></span> <span class='ocrx_word' id='word_1_71' title='bbox 952 1481 1033 1559; x_wconf 91' lang='lat' dir='ltr'><strong>quod</strong></span> <span class='ocrx_word' id='word_1_72' title='bbox 1047 1483 1199 1542; x_wconf 84' lang='lat' dir='ltr'><strong>castitatis</strong></span> 
     </span>
     <span class='ocr_line' id='line_1_11' title="bbox 296 1576 1246 1659; baseline 0.005 -24"><span class='ocrx_word' id='word_1_73' title='bbox 296 1576 439 1636; x_wconf 89' lang='lat' dir='ltr'><strong>indicium</strong></span> <span class='ocrx_word' id='word_1_74' title='bbox 460 1587 514 1636; x_wconf 89' lang='lat' dir='ltr'><strong>est.</strong></span> <span class='ocrx_word' id='word_1_75' title='bbox 556 1577 669 1636; x_wconf 86' lang='lat' dir='ltr'><strong>accedit</strong></span> <span class='ocrx_word' id='word_1_76' title='bbox 690 1577 737 1635; x_wconf 89' lang='lat' dir='ltr'><strong>his</strong></span> <span class='ocrx_word' id='word_1_77' title='bbox 759 1577 893 1638; x_wconf 89' lang='lat' dir='ltr'><strong>studium</strong></span> <span class='ocrx_word' id='word_1_78' title='bbox 914 1577 1092 1653; x_wconf 85' lang='lat' dir='ltr'><strong>litterarum,</strong></span> <span class='ocrx_word' id='word_1_79' title='bbox 1115 1581 1199 1659; x_wconf 91' lang='lat' dir='ltr'><strong>quod</strong></span> <span class='ocrx_word' id='word_1_80' title='bbox 1217 1604 1246 1640; x_wconf 81' lang='lat' dir='ltr'><strong>ro</strong></span> 
     </span>
     <span class='ocr_line' id='line_1_12' title="bbox 296 1675 1199 1753; baseline 0.002 -18"><span class='ocrx_word' id='word_1_81' title='bbox 296 1695 334 1735; x_wconf 83' lang='lat' dir='ltr'><strong>ex</strong></span> <span class='ocrx_word' id='word_1_82' title='bbox 348 1675 407 1734; x_wconf 92' lang='lat' dir='ltr'><strong>mei</strong></span> <span class='ocrx_word' id='word_1_83' title='bbox 425 1676 549 1734; x_wconf 85' lang='lat' dir='ltr'><strong>caritate</strong></span> <span class='ocrx_word' id='word_1_84' title='bbox 567 1675 709 1753; x_wconf 84' lang='lat' dir='ltr'><strong>concepit.</strong></span> <span class='ocrx_word' id='word_1_85' title='bbox 754 1695 835 1734; x_wconf 86' lang='lat' dir='ltr'><strong>meos</strong></span> <span class='ocrx_word' id='word_1_86' title='bbox 857 1675 972 1736; x_wconf 90' lang='lat' dir='ltr'><strong>libellos</strong></span> <span class='ocrx_word' id='word_1_87' title='bbox 994 1676 1093 1749; x_wconf 85' lang='lat' dir='ltr'><strong>habet,</strong></span> <span class='ocrx_word' id='word_1_88' title='bbox 1117 1677 1199 1737; x_wconf 88' lang='lat' dir='ltr'><strong>lecti-</strong></span> 
     </span>
     <span class='ocr_line' id='line_1_13' title="bbox 211 1771 1199 1850; baseline 0.003 -18"><span class='ocrx_word' id='word_1_89' title='bbox 211 1771 239 1817; x_wconf 52' lang='lat' dir='ltr'>k</span> <span class='ocrx_word' id='word_1_90' title='bbox 266 1782 351 1845; x_wconf 81' lang='lat' dir='ltr'><strong>8tat,</strong></span> <span class='ocrx_word' id='word_1_91' title='bbox 366 1772 472 1832; x_wconf 84' lang='lat' dir='ltr'><strong>ediscit</strong></span> <span class='ocrx_word' id='word_1_92' title='bbox 486 1772 585 1831; x_wconf 86' lang='lat' dir='ltr'><strong>ctiam.</strong></span> <span class='ocrx_word' id='word_1_93' title='bbox 628 1793 687 1850; x_wconf 86' lang='lat' dir='ltr'><strong>qua</strong></span> <span class='ocrx_word' id='word_1_94' title='bbox 705 1772 757 1831; x_wconf 91' lang='lat' dir='ltr'><strong>illa</strong></span> <span class='ocrx_word' id='word_1_95' title='bbox 776 1772 986 1846; x_wconf 88' lang='lat' dir='ltr'><strong>sollicitudine,</strong></span> <span class='ocrx_word' id='word_1_96' title='bbox 1004 1794 1073 1834; x_wconf 89' lang='lat' dir='ltr'><strong>eum</strong></span> <span class='ocrx_word' id='word_1_97' title='bbox 1093 1774 1199 1835; x_wconf 88' lang='lat' dir='ltr'><strong>uidcor</strong></span> 
     </span>
     <span class='ocr_line' id='line_1_14' title="bbox 295 1869 1199 1951; baseline 0.001 -21"><span class='ocrx_word' id='word_1_98' title='bbox 295 1880 425 1939; x_wconf 89' lang='lat' dir='ltr'><strong>acturus,</strong></span> <span class='ocrx_word' id='word_1_99' title='bbox 441 1880 562 1948; x_wconf 89' lang='lat' dir='ltr'><strong>quanto,</strong></span> <span class='ocrx_word' id='word_1_100' title='bbox 578 1890 644 1929; x_wconf 91' lang='lat' dir='ltr'><strong>cum</strong></span> <span class='ocrx_word' id='word_1_101' title='bbox 659 1871 715 1948; x_wconf 86' lang='lat' dir='ltr'><strong>egi,</strong></span> <span class='ocrx_word' id='word_1_102' title='bbox 734 1869 846 1950; x_wconf 87' lang='lat' dir='ltr'><strong>gaudio</strong></span> <span class='ocrx_word' id='word_1_103' title='bbox 865 1870 1020 1931; x_wconf 84' lang='lat' dir='ltr'><strong>adficitur!</strong></span> <span class='ocrx_word' id='word_1_104' title='bbox 1061 1871 1199 1951; x_wconf 89' lang='lat' dir='ltr'><strong>disponit</strong></span> 
     </span>
     <span class='ocr_line' id='line_1_15' title="bbox 296 1966 1198 2047; baseline 0 -19"><span class='ocrx_word' id='word_1_105' title='bbox 296 1967 349 2047; x_wconf 91' lang='lat' dir='ltr'><strong>qui</strong></span> <span class='ocrx_word' id='word_1_106' title='bbox 377 1968 518 2028; x_wconf 89' lang='lat' dir='ltr'><strong>nuntient</strong></span> <span class='ocrx_word' id='word_1_107' title='bbox 547 1967 603 2026; x_wconf 87' lang='lat' dir='ltr'><strong>sibi</strong></span> <span class='ocrx_word' id='word_1_108' title='bbox 632 1988 720 2045; x_wconf 88' lang='lat' dir='ltr'><strong>quem</strong></span> <span class='ocrx_word' id='word_1_109' title='bbox 754 1966 921 2041; x_wconf 81' lang='lat' dir='ltr'><strong>adsensum,</strong></span> <span class='ocrx_word' id='word_1_110' title='bbox 952 1987 1026 2046; x_wconf 90' lang='lat' dir='ltr'><strong>quos</strong></span> <span class='ocrx_word' id='word_1_111' title='bbox 1053 1967 1198 2028; x_wconf 88' lang='lat' dir='ltr'><strong>clamores</strong></span> 
     </span>
     <span class='ocr_line' id='line_1_16' title="bbox 296 2063 1244 2144; baseline -0.001 -18"><span class='ocrx_word' id='word_1_112' title='bbox 296 2063 460 2138; x_wconf 76' lang='lat' dir='ltr'><strong>excitarim,</strong></span> <span class='ocrx_word' id='word_1_113' title='bbox 480 2086 568 2144; x_wconf 87' lang='lat' dir='ltr'><strong>quem</strong></span> <span class='ocrx_word' id='word_1_114' title='bbox 585 2078 726 2125; x_wconf 70' lang='lat' dir='ltr'><strong>clientum</strong></span> <span class='ocrx_word' id='word_1_115' title='bbox 746 2063 848 2124; x_wconf 89' lang='lat' dir='ltr'><strong>iudicii</strong></span> <span class='ocrx_word' id='word_1_116' title='bbox 868 2064 997 2125; x_wconf 88' lang='lat' dir='ltr'><strong>tulerim.</strong></span> <span class='ocrx_word' id='word_1_117' title='bbox 1039 2065 1153 2140; x_wconf 83' lang='lat' dir='ltr'><strong>eadem,</strong></span> <span class='ocrx_word' id='word_1_118' title='bbox 1172 2067 1197 2126; x_wconf 94' lang='lat' dir='ltr'><strong>si</strong></span> <span class='ocrx_word' id='word_1_119' title='bbox 1216 2090 1223 2124; x_wconf 88' lang='grc' dir='ltr'>ι</span> <span class='ocrx_word' id='word_1_120' title='bbox 1230 2088 1244 2139; x_wconf 81' lang='lat'>5</span> 
     </span>
     <span class='ocr_line' id='line_1_17' title="bbox 296 2162 1198 2244; baseline 0 -21"><span class='ocrx_word' id='word_1_121' title='bbox 296 2164 418 2242; x_wconf 86' lang='lat' dir='ltr'><strong>quando</strong></span> <span class='ocrx_word' id='word_1_122' title='bbox 432 2165 532 2237; x_wconf 88' lang='lat' dir='ltr'><strong>recito,</strong></span> <span class='ocrx_word' id='word_1_123' title='bbox 548 2165 579 2223; x_wconf 91' lang='lat' dir='ltr'><strong>in</strong></span> <span class='ocrx_word' id='word_1_124' title='bbox 599 2164 734 2244; x_wconf 87' lang='lat' dir='ltr'><strong>proximo</strong></span> <span class='ocrx_word' id='word_1_125' title='bbox 752 2162 883 2223; x_wconf 84' lang='lat' dir='ltr'><strong>discreta</strong></span> <span class='ocrx_word' id='word_1_126' title='bbox 897 2162 965 2223; x_wconf 90' lang='lat' dir='ltr'><strong>uelo</strong></span> <span class='ocrx_word' id='word_1_127' title='bbox 983 2162 1069 2224; x_wconf 86' lang='lat' dir='ltr'><strong>sedet</strong></span> <span class='ocrx_word' id='word_1_128' title='bbox 1082 2163 1198 2225; x_wconf 84' lang='lat' dir='ltr'><strong>laudes-</strong></span> 
     </span>
     <span class='ocr_line' id='line_1_18' title="bbox 266 2260 1198 2340; baseline -0.002 -16"><span class='ocrx_word' id='word_1_129' title='bbox 266 2270 355 2340; x_wconf 73' lang='lat' dir='ltr'><strong>eque</strong></span> <span class='ocrx_word' id='word_1_130' title='bbox 392 2271 507 2321; x_wconf 84' lang='lat' dir='ltr'><strong>nostras</strong></span> <span class='ocrx_word' id='word_1_131' title='bbox 538 2260 716 2320; x_wconf 90' lang='lat' dir='ltr'><strong>auidissimis</strong></span> <span class='ocrx_word' id='word_1_132' title='bbox 753 2260 876 2319; x_wconf 86' lang='lat' dir='ltr'><strong>auribus</strong></span> <span class='ocrx_word' id='word_1_133' title='bbox 914 2261 1035 2339; x_wconf 87' lang='lat' dir='ltr'><strong>excipit.</strong></span> <span class='ocrx_word' id='word_1_134' title='bbox 1092 2281 1198 2322; x_wconf 90' lang='lat' dir='ltr'><strong>uersus</strong></span> 
     </span>
     <span class='ocr_line' id='line_1_19' title="bbox 297 2356 1198 2438; baseline 0 -20"><span class='ocrx_word' id='word_1_135' title='bbox 297 2358 418 2438; x_wconf 87' lang='lat' dir='ltr'><strong>quidem</strong></span> <span class='ocrx_word' id='word_1_136' title='bbox 443 2380 523 2418; x_wconf 84' lang='lat' dir='ltr'><strong>meos</strong></span> <span class='ocrx_word' id='word_1_137' title='bbox 547 2370 648 2418; x_wconf 80' lang='lat' dir='ltr'><strong>curtat</strong></span> <span class='ocrx_word' id='word_1_138' title='bbox 673 2358 763 2416; x_wconf 84' lang='lat' dir='ltr'><strong>ctiam</strong></span> <span class='ocrx_word' id='word_1_139' title='bbox 793 2356 961 2436; x_wconf 83' lang='lat' dir='ltr'><strong>formatque</strong></span> <span class='ocrx_word' id='word_1_140' title='bbox 989 2358 1112 2431; x_wconf 85' lang='lat' dir='ltr'><strong>cithara,</strong></span> <span class='ocrx_word' id='word_1_141' title='bbox 1137 2379 1198 2419; x_wconf 90' lang='lat' dir='ltr'><strong>non</strong></span> 
     </span>
     <span class='ocr_line' id='line_1_20' title="bbox 296 2455 1198 2536; baseline 0.001 -20"><span class='ocrx_word' id='word_1_142' title='bbox 296 2457 410 2517; x_wconf 87' lang='lat' dir='ltr'><strong>artifice</strong></span> <span class='ocrx_word' id='word_1_143' title='bbox 432 2456 531 2534; x_wconf 81' lang='lat' dir='ltr'><strong>aliquo</strong></span> <span class='ocrx_word' id='word_1_144' title='bbox 555 2456 680 2515; x_wconf 83' lang='lat' dir='ltr'><strong>(lucente</strong></span> <span class='ocrx_word' id='word_1_145' title='bbox 704 2456 755 2515; x_wconf 90' lang='lat' dir='ltr'><strong>scd</strong></span> <span class='ocrx_word' id='word_1_146' title='bbox 781 2475 890 2527; x_wconf 88' lang='lat' dir='ltr'><strong>amore,</strong></span> <span class='ocrx_word' id='word_1_147' title='bbox 913 2455 966 2533; x_wconf 89' lang='lat' dir='ltr'><strong>qui</strong></span> <span class='ocrx_word' id='word_1_148' title='bbox 987 2456 1130 2536; x_wconf 86' lang='lat' dir='ltr'><strong>magister</strong></span> <span class='ocrx_word' id='word_1_149' title='bbox 1151 2467 1198 2517; x_wconf 86' lang='lat' dir='ltr'><strong>est</strong></span> 
     </span>
     <span class='ocr_line' id='line_1_21' title="bbox 268 2553 1245 2635; baseline -0.007 -18"><span class='ocrx_word' id='word_1_150' title='bbox 268 2555 436 2635; x_wconf 81' lang='lat' dir='ltr'><strong>lioptimns.</strong></span> <span class='ocrx_word' id='word_1_151' title='bbox 479 2554 525 2613; x_wconf 88' lang='lat' dir='ltr'><strong>his</strong></span> <span class='ocrx_word' id='word_1_152' title='bbox 539 2576 576 2614; x_wconf 85' lang='lat' dir='ltr'><strong>cx</strong></span> <span class='ocrx_word' id='word_1_153' title='bbox 594 2553 687 2612; x_wconf 86' lang='lat' dir='ltr'><strong>causis</strong></span> <span class='ocrx_word' id='word_1_154' title='bbox 705 2554 735 2611; x_wconf 92' lang='lat' dir='ltr'><strong>in</strong></span> <span class='ocrx_word' id='word_1_155' title='bbox 756 2574 838 2631; x_wconf 84' lang='lat' dir='ltr'><strong>spem</strong></span> <span class='ocrx_word' id='word_1_156' title='bbox 855 2556 1049 2615; x_wconf 85' lang='lat' dir='ltr'><strong>certissimam</strong></span> <span class='ocrx_word' id='word_1_157' title='bbox 1063 2554 1198 2615; x_wconf 88' lang='lat' dir='ltr'><strong>adducor</strong></span> <span class='ocrx_word' id='word_1_158' title='bbox 1212 2574 1245 2610; x_wconf 90' lang='lat'><strong>20</strong></span> 
     </span>
     <span class='ocr_line' id='line_1_22' title="bbox 297 2651 1197 2736; baseline 0.001 -25"><span class='ocrx_word' id='word_1_159' title='bbox 297 2663 473 2732; x_wconf 82' lang='lat' dir='ltr'><strong>perpetuam</strong></span> <span class='ocrx_word' id='word_1_160' title='bbox 496 2651 580 2711; x_wconf 87' lang='lat' dir='ltr'><strong>nobis</strong></span> <span class='ocrx_word' id='word_1_161' title='bbox 605 2651 805 2728; x_wconf 82' lang='lat' dir='ltr'><strong>maioremque</strong></span> <span class='ocrx_word' id='word_1_162' title='bbox 830 2651 862 2710; x_wconf 93' lang='lat' dir='ltr'><strong>in</strong></span> <span class='ocrx_word' id='word_1_163' title='bbox 886 2652 953 2736; x_wconf 87' lang='lat' dir='ltr'><strong>dies</strong></span> <span class='ocrx_word' id='word_1_164' title='bbox 974 2652 1108 2712; x_wconf 86' lang='lat' dir='ltr'><strong>futuram</strong></span> <span class='ocrx_word' id='word_1_165' title='bbox 1132 2672 1197 2712; x_wconf 86' lang='lat' dir='ltr'><strong>csse</strong></span> 
     </span>
     <span class='ocr_line' id='line_1_23' title="bbox 297 2748 1195 2830; baseline -0.001 -20"><span class='ocrx_word' id='word_1_166' title='bbox 297 2750 492 2810; x_wconf 87' lang='lat' dir='ltr'><strong>concordiam.</strong></span> <span class='ocrx_word' id='word_1_167' title='bbox 544 2770 602 2807; x_wconf 83' lang='lat' dir='ltr'><strong>nnn</strong></span> <span class='ocrx_word' id='word_1_168' title='bbox 627 2748 704 2807; x_wconf 75' lang='lat' dir='ltr'><strong>enim</strong></span> <span class='ocrx_word' id='word_1_169' title='bbox 729 2757 860 2809; x_wconf 87' lang='lat' dir='ltr'><strong>aetatem</strong></span> <span class='ocrx_word' id='word_1_170' title='bbox 882 2771 977 2811; x_wconf 89' lang='lat' dir='ltr'><strong>meam</strong></span> <span class='ocrx_word' id='word_1_171' title='bbox 1002 2760 1056 2810; x_wconf 78' lang='lat' dir='ltr'><strong>crit</strong></span> <span class='ocrx_word' id='word_1_172' title='bbox 1078 2771 1195 2830; x_wconf 86' lang='lat' dir='ltr'><strong>corpus,</strong></span> 
     </span>
     <span class='ocr_line' id='line_1_24' title="bbox 298 2846 1196 2928; baseline 0 -21"><span class='ocrx_word' id='word_1_173' title='bbox 298 2870 373 2927; x_wconf 84' lang='lat' dir='ltr'><strong>quac</strong></span> <span class='ocrx_word' id='word_1_174' title='bbox 403 2848 544 2926; x_wconf 79' lang='lat' dir='ltr'><strong>paulatini</strong></span> <span class='ocrx_word' id='word_1_175' title='bbox 573 2846 710 2905; x_wconf 78' lang='lat' dir='ltr'><strong>occidunt</strong></span> <span class='ocrx_word' id='word_1_176' title='bbox 735 2867 770 2904; x_wconf 87' lang='lat' dir='ltr'><strong>ac</strong></span> <span class='ocrx_word' id='word_1_177' title='bbox 799 2859 963 2920; x_wconf 85' lang='lat' dir='ltr'><strong>senescunt,</strong></span> <span class='ocrx_word' id='word_1_178' title='bbox 990 2849 1041 2907; x_wconf 83' lang='lat' dir='ltr'><strong>sed</strong></span> <span class='ocrx_word' id='word_1_179' title='bbox 1070 2849 1196 2928; x_wconf 81' lang='lat' dir='ltr'><strong>gloriam</strong></span> 
     </span>
     <span class='ocr_line' id='line_1_25' title="bbox 268 2944 1197 3025; baseline 0.001 -20"><span class='ocrx_word' id='word_1_180' title='bbox 268 2944 405 3025; x_wconf 76' lang='lat' dir='ltr'><strong>tuilign.</strong></span> <span class='ocrx_word' id='word_1_181' title='bbox 450 2967 502 3004; x_wconf 73' lang='lat' dir='ltr'><strong>nec</strong></span> <span class='ocrx_word' id='word_1_182' title='bbox 516 2944 597 3004; x_wconf 78' lang='lat' dir='ltr'><strong>alind</strong></span> <span class='ocrx_word' id='word_1_183' title='bbox 611 2944 697 3002; x_wconf 68' lang='lat' dir='ltr'><strong>‹lvi-ct</strong></span> <span class='ocrx_word' id='word_1_184' title='bbox 715 2945 776 3003; x_wconf 85' lang='lat' dir='ltr'><strong>tnis</strong></span> <span class='ocrx_word' id='word_1_185' title='bbox 796 2947 933 3006; x_wconf 80' lang='lat' dir='ltr'><strong>manibus</strong></span> <span class='ocrx_word' id='word_1_186' title='bbox 951 2946 1115 3016; x_wconf 76' lang='lat' dir='ltr'><strong>cdircatam,</strong></span> <span class='ocrx_word' id='word_1_187' title='bbox 1135 2947 1197 3006; x_wconf 87' lang='lat' dir='ltr'><strong>tuis</strong></span> 
     </span>
     <span class='ocr_line' id='line_1_26' title="bbox 299 3043 1243 3123; baseline -0.002 -21"><span class='ocrx_word' id='word_1_188' title='bbox 299 3044 462 3123; x_wconf 75' lang='lat' dir='ltr'><strong>pmcccptis</strong></span> <span class='ocrx_word' id='word_1_189' title='bbox 484 3043 660 3108; x_wconf 75' lang='lat' dir='ltr'><strong>institutam,</strong></span> <span class='ocrx_word' id='word_1_190' title='bbox 682 3062 758 3118; x_wconf 72' lang='grc' dir='ltr'>ιμιιω</span> <span class='ocrx_word' id='word_1_191' title='bbox 781 3043 853 3102; x_wconf 89' lang='lat' dir='ltr'><strong>nihil</strong></span> <span class='ocrx_word' id='word_1_192' title='bbox 877 3045 907 3103; x_wconf 91' lang='lat' dir='ltr'><strong>in</strong></span> <span class='ocrx_word' id='word_1_193' title='bbox 925 3045 1120 3104; x_wconf 78' lang='lat' dir='ltr'><strong>contubernio</strong></span> <span class='ocrx_word' id='word_1_194' title='bbox 1142 3054 1197 3103; x_wconf 91' lang='lat' dir='ltr'><strong>tuo</strong></span> <span class='ocrx_word' id='word_1_195' title='bbox 1212 3065 1243 3115; x_wconf 82' lang='lat'><strong>25</strong></span> 
     </span>
     <span class='ocr_line' id='line_1_27' title="bbox 299 3138 1196 3219; baseline 0.003 -21"><span class='ocrx_word' id='word_1_196' title='bbox 299 3139 410 3199; x_wconf 83' lang='lat' dir='ltr'><strong>uiderit</strong></span> <span class='ocrx_word' id='word_1_197' title='bbox 443 3141 494 3197; x_wconf 78' lang='lat' dir='ltr'><strong>nisi</strong></span> <span class='ocrx_word' id='word_1_198' title='bbox 531 3152 664 3197; x_wconf 68' lang='lat' dir='ltr'><strong>sanetum</strong></span> <span class='ocrx_word' id='word_1_199' title='bbox 701 3138 926 3219; x_wconf 64' lang='lat' dir='ltr'><strong>nemetumque,</strong></span> <span class='ocrx_word' id='word_1_200' title='bbox 956 3161 1031 3219; x_wconf 71' lang='lat' dir='ltr'><strong>«unic</strong></span> <span class='ocrx_word' id='word_1_201' title='bbox 1065 3142 1196 3219; x_wconf 75' lang='lat' dir='ltr'><strong>(lenique</strong></span> 
     </span>
    </p>
   </div>
   <div class='ocr_carea' id='block_1_4' title="bbox 299 3304 1197 3532">
    <p class='ocr_par' dir='ltr' id='par_1_4' title="bbox 299 3304 1197 3532">
     <span class='ocr_line' id='line_1_28' title="bbox 331 3304 1195 3367; baseline 0 -16"><span class='ocrx_word' id='word_1_202' title='bbox 331 3311 372 3351; x_wconf 71' lang='lat'><strong>³4</strong></span> <span class='ocrx_word' id='word_1_203' title='bbox 393 3307 409 3351; x_wconf 81' lang='grc'><strong><em>5</em></strong></span> <span class='ocrx_word' id='word_1_204' title='bbox 427 3304 449 3352; x_wconf 91' lang='lat' dir='ltr'><strong>ei</strong></span> <span class='ocrx_word' id='word_1_205' title='bbox 469 3305 534 3361; x_wconf 71' lang='lat' dir='ltr'><strong>&lt;citis</strong></span> <span class='ocrx_word' id='word_1_206' title='bbox 552 3308 631 3356; x_wconf 73' lang='lat' dir='ltr'><strong>roua)</strong></span> <span class='ocrx_word' id='word_1_207' title='bbox 650 3317 738 3349; x_wconf 74' lang='lat' dir='ltr'><strong>uerum</strong></span> <span class='ocrx_word' id='word_1_208' title='bbox 756 3304 835 3351; x_wconf 86' lang='lat' dir='ltr'><strong>etium</strong></span> <span class='ocrx_word' id='word_1_209' title='bbox 854 3304 937 3367; x_wconf 83' lang='lat' dir='ltr'><strong>putris</strong></span> <span class='ocrx_word' id='word_1_210' title='bbox 953 3304 1041 3352; x_wconf 83' lang='lat' dir='ltr'><strong>amissi</strong></span> <span class='ocrx_word' id='word_1_211' title='bbox 1062 3304 1195 3352; x_wconf 79' lang='lat' dir='ltr'><strong>adlectum</strong></span> 
     </span>
     <span class='ocr_line' id='line_1_29' title="bbox 299 3384 1197 3450; baseline -0.001 -15"><span class='ocrx_word' id='word_1_212' title='bbox 299 3387 429 3444; x_wconf 78' lang='lat' dir='ltr'><strong>tellectum</strong></span> <span class='ocrx_word' id='word_1_213' title='bbox 442 3391 468 3443; x_wconf 73' lang='lat' dir='ltr'><strong>a)</strong></span> <span class='ocrx_word' id='word_1_214' title='bbox 481 3390 568 3433; x_wconf 73' lang='lat' dir='ltr'><strong>Brona</strong></span> <span class='ocrx_word' id='word_1_215' title='bbox 579 3386 602 3432; x_wconf 85' lang='lat' dir='ltr'><strong>ci</strong></span> <span class='ocrx_word' id='word_1_216' title='bbox 615 3384 747 3432; x_wconf 73' lang='lat' dir='ltr'><strong>adlectum</strong></span> <span class='ocrx_word' id='word_1_217' title='bbox 760 3402 849 3434; x_wconf 78' lang='lat' dir='ltr'><strong>nortun</strong></span> <span class='ocrx_word' id='word_1_218' title='bbox 862 3388 941 3434; x_wconf 68' lang='lat' dir='ltr'><strong>etiarm</strong></span> <span class='ocrx_word' id='word_1_219' title='bbox 954 3387 1038 3450; x_wconf 83' lang='lat' dir='ltr'><strong>putris</strong></span> <span class='ocrx_word' id='word_1_220' title='bbox 1048 3387 1137 3434; x_wconf 80' lang='lat' dir='ltr'><strong>arrrissi</strong></span> <span class='ocrx_word' id='word_1_221' title='bbox 1150 3390 1197 3434; x_wconf 73' lang='lat' dir='ltr'><strong>MV</strong></span> 
     </span>
     <span class='ocr_line' id='line_1_30' title="bbox 302 3468 778 3532; baseline -0.002 -15"><span class='ocrx_word' id='word_1_222' title='bbox 302 3471 330 3519; x_wconf 79' lang='lat' dir='ltr'><strong>lt</strong></span> <span class='ocrx_word' id='word_1_223' title='bbox 347 3469 465 3532; x_wconf 76' lang='lat' dir='ltr'><strong>proximo</strong></span> <span class='ocrx_word' id='word_1_224' title='bbox 475 3472 539 3517; x_wconf 70' lang='lat' dir='ltr'><strong>HVu</strong></span> <span class='ocrx_word' id='word_1_225' title='bbox 552 3468 697 3531; x_wconf 70' lang='lat' dir='ltr'><strong>proxumum</strong></span> <span class='ocrx_word' id='word_1_226' title='bbox 707 3471 778 3517; x_wconf 74' lang='lat' dir='ltr'><strong>Bl&#39;ot.</strong></span> 
     </span>
    </p>
   </div>
   <div class='ocr_carea' id='block_1_5' title="bbox 0 0 1480 4175">
    <p class='ocr_par' dir='ltr' id='par_1_5' title="bbox 0 0 1480 4175">
     <span class='ocr_line' id='line_1_31' title="bbox 0 0 1480 4175; baseline 0 0"><span class='ocrx_word' id='word_1_227' title='bbox 0 0 1480 4175; x_wconf 95' lang='lat' dir='ltr'><strong> </strong></span> 
     </span>
    </p>
   </div>
  </div>
 </body>
</html>
