2950 4175
317 358 504 433 46·‹V1·20›
587 376 788 433 armavere
810 377 1002 436 sanncran.
1193 366 1224 416 89

318 515 398 574 ximo
423 515 576 592 adspicere
601 522 708 596 ecquid
730 525 791 584 iam
813 547 896 587 mare
918 525 1114 593 admitteret;
1143 512 1223 595 quod

316 609 414 669 adhuc
440 621 560 670 uastum
584 621 615 670 et
638 615 799 677 aduersum
824 622 1028 697 permanebat.
1072 617 1114 678 ibi
1135 631 1224 691 super
1238 624 1271 682 18

315 706 466 766 abiectum
481 706 609 766 linteum
626 711 771 771 recubans
792 715 885 775 semel
909 728 1003 794 atque
1019 718 1128 776 iterum
1144 710 1225 790 frigi-

316 803 385 861 dam
408 805 545 882 poposcit
569 803 736 881 hausitque.
794 809 904 870 deinde
931 813 1069 872 flammae
1096 813 1225 870 flamma·

289 913 443 976 srumque
471 900 668 976 praenuntius
696 901 771 960 odor
798 905 929 981 sulpuris
960 909 1035 967 alios
1063 909 1096 968 in
1123 908 1225 986 fugam

317 1005 449 1066 uertunt,
475 996 610 1054 excitant
642 995 735 1053 illum.
790 998 924 1058 innitens
952 1003 1080 1063 seruulis
1107 1003 1225 1064 duobus
1239 1013 1272 1070 19

316 1091 494 1161 adsurrexit,
512 1100 544 1150 et
558 1092 662 1150 statim
676 1091 816 1162 concidit,
833 1102 869 1152 ut
884 1114 939 1172 ego
953 1097 1070 1177 colligo,
1083 1101 1225 1160 crassiore

317 1189 443 1269 caligine
458 1190 567 1268 spiritu
584 1189 739 1248 obstnrcto
754 1189 915 1268 clausoque
931 1195 1093 1268 stomacho
1110 1198 1163 1274 qui
1182 1197 1225 1257 illi

317 1296 425 1346 natura
445 1285 598 1346 inualidus
618 1296 648 1345 et
669 1295 817 1364 angustus
838 1295 870 1346 et
891 1287 1066 1365 frequenter
1085 1301 1230 1354 aestuans

275 1397 304 1433 10
317 1395 389 1444 erat.
432 1385 484 1445 ubi
513 1385 577 1444 dies
606 1383 743 1444 redditus
769 1385 806 1461 (is
831 1383 926 1444 abeo
951 1405 1042 1462 quom
1066 1390 1272 1456 nouissimam

316 1483 435 1543 uiderat
455 1483 586 1560 tertius),
603 1501 710 1560 corpus
731 1483 891 1542 inuentum
913 1482 1074 1563 integrum,
1091 1484 1225 1545 illaesum

316 1592 515 1661 opertumque
530 1590 565 1640 ut
579 1581 678 1640 fuerat
691 1580 837 1641 indutus:
859 1580 981 1641 habitus
999 1582 1132 1660 eorporis
1146 1584 1225 1660 quie·

316 1681 411 1739 sconti
425 1700 516 1757 quam
531 1678 674 1739 defuncto
689 1679 821 1738 similior.

357 1777 483 1837 Interim
496 1777 605 1837 Miseni
617 1797 672 1856 ego
682 1785 713 1836 et
723 1777 914 1837 mater—sed
927 1776 1002 1836 nihil
1011 1777 1050 1836 ad
1061 1776 1224 1849 historiam,
1240 1786 1271 1841 21

274 1888 302 1942 15
316 1895 370 1936 nec
385 1885 419 1935 tu
433 1875 516 1934 aliud
532 1895 621 1953 quam
636 1874 674 1934 de
689 1875 774 1934 exit-u
790 1875 854 1934 eius
869 1875 945 1934 scire
959 1874 1091 1934 uoluisti.
1136 1877 1225 1936 finem

315 1995 387 2054 ergo
402 1975 517 2033 faciam.
561 1993 655 2032 unum
670 1972 806 2044 adiciam,
823 1973 924 2032 omnia
939 1992 987 2032 me
1007 1973 1117 2050 quibus
1136 1974 1226 2055 inter·
1239 1980 1272 2036 22

315 2072 442 2143 fueram,
465 2092 602 2151 quaeque
630 2071 743 2144 statim,
765 2091 834 2132 cum
857 2071 989 2131 maxime
1018 2092 1090 2132 uera
1117 2092 1226 2132 memo·

315 2157 428 2243 rantur,
439 2170 604 2242 audieram,
614 2178 813 2249 persecutum.
855 2182 890 2228 tu
899 2170 1057 2248 potissima
1065 2188 1208 2249 excerpes
1219 2194 1225 2229 :

314 2268 395 2329 aliud
412 2279 458 2328 cst
472 2270 553 2328 enim
569 2268 729 2346 epistulam
744 2265 826 2327 aliud
846 2266 1011 2336 historiam,
1028 2265 1110 2326 aliud
1129 2268 1225 2327 amico

269 2384 301 2420 20
313 2367 396 2427 aliud
411 2366 550 2427 omnibus
564 2366 699 2425 scribere.
746 2365 820 2425 uale.

637 2603 713 2659 246.
748 2603 808 2662 (vl.
822 2604 876 2663 20.)

527 2721 557 2772 C.
578 2719 725 2771 PLINIVS
743 2718 875 2770 TACI'I'O
893 2719 961 2769 SVO
979 2719 1005 2770 S.

354 2855 408 2913 Ais
436 2863 474 2923 te,
502 2853 666 2913 arlrluctum
695 2852 806 2911 littoris
834 2873 908 2929 (siras
937 2852 1071 2929 exigenti
1101 2851 1156 2911 tibi
1185 2852 1224 2912 de
1253 2869 1268 2924 1

313 2962 408 3013 morte
431 2953 572 3012 auunculi
597 2953 653 3011 mci
678 2952 790 3028 scripsi,
817 2971 925 3029 cupcrc
949 2970 1127 3030 cognoscere
1148 2969 1223 3027 quos

269 3074 299 3125 ²5
313 3070 368 3129 ogo
396 3050 502 3109 Miseni
529 3050 650 3110 relictus
675 3049 718 3125 (id
745 3050 823 3108 euim
851 3050 1004 3126 ingressus
1029 3048 1222 3126 abruperam)

312 3217 327 3259 :³
344 3211 468 3276 frigidam
481 3211 516 3262 fa
527 3212 571 3273 (cs.
582 3211 637 3261 111.
647 3215 671 3260 5.
685 3215 725 3267 11)
738 3210 862 3274 frigidam
874 3226 970 3273 aquam
982 3214 1044 3260 flou
1077 3211 1093 3258 6
1107 3210 1223 3259 innitens

312 3295 421 3342 seruolis
444 3298 469 3342 u
493 3294 599 3343 innixus
621 3294 704 3341 seruis
724 3306 777 3341 oua
821 3294 835 3342 7
862 3292 958 3355 colligo
981 3296 1006 3340 Μ
1029 3292 1149 3341 coniecto
1171 3306 1223 3342 oua

312 3377 327 3424 9
350 3378 502 3440 frequenter
521 3382 644 3424 aestuans
664 3379 690 3423 Μ
713 3374 865 3437 lroqucutcr
886 3374 1081 3422 irrtcracstuans
1100 3388 1152 3424 oua
1173 3374 1220 3423 [re-

311 3467 423 3522 quenter
435 3460 507 3507 intus
518 3465 642 3507 aestuans
654 3456 674 3506 f
707 3458 733 3505 ll
756 3455 860 3505 uiderat
872 3462 930 3505 erat
943 3456 1041 3505 tertius
1054 3456 1195 3506 illommaea
