2950 4175
299 393 332 446 72
506 393 534 444 C.
554 392 654 442 PLINI
671 390 815 443 cauum
832 389 988 441 suevum
1014 390 1066 444 35.
1084 389 1141 450 (IV.
1153 390 1196 449 (Β)

299 539 510 617 imperatorem
525 557 584 596 non
599 538 696 597 minus
707 536 835 597 fortiter.
873 537 998 596 cenabat
1012 535 1114 595 Nerua
1127 555 1194 595 cum

299 637 420 716 paucis:
442 634 570 695 Veiento
585 636 737 714 proximus
750 644 843 714 atque
857 635 947 694 etiam
961 635 993 693 in
1007 634 1074 692 sinn
1085 652 1195 692 recum-

268 734 407 796 5bebat:
429 733 494 793 dixi
508 733 616 804 omnia,
633 753 699 792 cum
719 733 869 793 hominem
888 733 1047 792 nominaui.
1090 730 1195 790 incidit

297 852 394 892 sermo
415 831 453 890 de
477 829 596 890 Catullo
621 830 789 905 Messalino,
815 833 867 910 qui
889 830 1051 891 luminibus
1073 829 1195 889 orbatus

297 929 418 1008 ingenio
432 947 521 987 saeuo
540 927 618 987 mala
636 929 787 989 caecitatis
805 929 979 989 addiderat:
1002 949 1062 988 non
1077 926 1195 986 uereba-
1226 944 1239 998 5

297 1035 356 1098 tur,
371 1045 433 1085 non
447 1025 646 1098 erubescebat
663 1046 723 1086 non
737 1027 950 1103 miserebatur;
971 1046 1032 1106 quo
1046 1025 1163 1105 saepius
1176 1045 1195 1083 a

297 1122 470 1183 Domitiano
491 1142 550 1182 non
572 1144 655 1184 secus
675 1144 709 1184 ac
730 1124 798 1198 tela,
822 1146 897 1204 qnae
921 1133 953 1186 et
974 1125 1038 1204 ipsa
1058 1143 1143 1184 caeca
1164 1131 1195 1182 et

297 1219 465 1298 improuida
480 1219 625 1293 teruntur,
643 1223 673 1280 in
688 1222 835 1301 optimum
855 1243 1002 1301 quemque
1021 1231 1195 1299 contorque·

268 1318 394 1386 ebatur.
437 1316 475 1376 de
496 1317 585 1378 huius
606 1319 740 1397 nequitia
762 1321 1016 1400 sanguinariisque
1037 1319 1194 1379 sententiis

296 1415 328 1473 in
352 1434 508 1474 commune
532 1436 633 1476 omnes
656 1436 746 1496 super
767 1436 869 1476 cenam
894 1417 1100 1494 loquebantur,
1126 1436 1193 1475 cum
1211 1433 1240 1469 ¹0

297 1513 359 1590 ipse
389 1511 551 1591 imperator
581 1514 671 1590 ‘quid
701 1524 840 1592 putamus
869 1534 1023 1593 passurum
1047 1513 1145 1586 fuisse,
1168 1514 1193 1572 si

297 1610 414 1670 uiueret
422 1609 442 1669 l'
458 1619 490 1670 ct
505 1610 656 1670 Mauricus
673 1612 842 1671 ‘nobiscum
857 1611 993 1671 cenaret?

266 1720 283 1774 7
336 1708 468 1787 Longius
493 1708 562 1779 abii,
586 1708 679 1767 libens
705 1717 814 1768 tamon.
866 1708 976 1788 placuit
1000 1729 1096 1788 agona
1118 1707 1191 1779 tolli,

295 1805 347 1882 qui
382 1825 479 1865 moros
510 1803 724 1865 Viennensium
760 1805 909 1878 infecerat,
946 1816 980 1864 nt
1014 1816 1116 1865 noster
1146 1805 1193 1864 hic

294 1902 437 1962 omnium
480 1923 549 1962 nam
575 1902 789 1963 l'ienncusium
818 1904 892 1962 uitia
916 1903 995 1963 intra
1022 1904 1101 1982 ipsos
1125 1902 1193 1962 resi·
1210 1915 1237 1966 ¹5

294 2000 380 2072 dunt,
397 2009 500 2060 nostra
514 1999 574 2061 late
590 2009 746 2081 nugantur,
764 2010 856 2079 utque
870 2001 900 2059 in
918 2001 1089 2079 corporibus
1106 2000 1192 2060 sicin

295 2099 427 2177 imperia,
444 2099 637 2179 grauissimus
656 2109 701 2158 cst
720 2099 841 2158 morbus
860 2100 910 2177 qui
932 2121 950 2157 a
970 2100 1066 2179 capite
1087 2099 1193 2158 diffun-

222 2224 233 2243 »
294 2195 385 2256 ditur.
428 2196 503 2257 uale.

225 2348 230 2368 ⁸
297 2360 372 2406 lnon
385 2357 471 2407 minus
482 2358 1034 2415 minuendam.lortenrforuterrell.
1070 2358 1192 2406 lentullo

294 2456 342 2489 our.
356 2445 403 2499 BF,
415 2440 479 2490 add.
497 2442 601 2500 (Catulo
612 2445 640 2501 tl
653 2442 706 2491 rrll.
720 2441 829 2491 orbatus
840 2445 913 2490 ΒΜ
925 2440 1003 2490 orbus
1014 2455 1030 2490 o
1041 2446 1133 2505 eaptus
1145 2444 1193 2488 HV

293 2524 377 2587 liquo
392 2540 441 2573 om.
456 2529 517 2581 Bra,
532 2526 593 2574 culti.
610 2526 663 2574 rell.
702 2528 732 2574 10
742 2541 801 2574 eum
818 2524 905 2574 nnvf
919 2528 974 2573 turn
989 2527 1060 2587 (appa.
1075 2539 1137 2572 corr.
1148 2524 1187 2584 sr.

230 2658 234 2663 .
262 2668 270 2681 „
294 2610 475 2667 curnflk'uun
510 2607 810 2666 metamaucum
825 2611 889 2657 MV·
