2950 4175
322 407 358 465 8.
378 405 414 468 (L
430 406 471 466 l2)
582 404 782 457 EPISTVLAE
804 405 995 457 SELEGI'AR
1216 406 1241 455 ll

323 553 479 633 plurimas
510 550 564 611 sed
590 551 858 610 inlitteratissimss
888 551 1016 612 litteras
1073 552 1155 613 soleo
1183 571 1243 610 non
1256 557 1290 614 1⁰

324 669 489 726 nunquam
514 650 597 726 (nam
616 648 647 707 id
662 649 769 726 ’ipsum
790 649 912 725 quando
932 651 1085 730 contingit
1096 651 1116 727 l)
1137 650 1176 710 de
1197 651 1243 709 his

324 745 578 824 occupationibus
591 744 673 823 apud
687 744 864 823 Euphraten
879 748 974 824 queri.
1013 747 1066 807 ille
1080 767 1129 807 me
1143 767 1243 808 conso

325 843 422 914 latur,
434 842 575 902 adfirmat
588 843 679 902 etiam
691 861 756 902 esse
767 842 843 902 hanc
854 843 1062 923 philosophiae
1077 843 1243 922 etquidem

294 938 563 1019 spulcherrimam
601 948 727 1018 partem,
765 959 854 1019 agere
889 941 1047 1021 negotium
1077 941 1240 1020 publicum

325 1056 517 1117 cognoscere,
537 1035 678 1108 iudicare,
703 1056 841 1115 promere
865 1045 898 1098 et
919 1058 1059 1099 uomere
1083 1038 1240 1110 iustitiam,

326 1153 469 1212 quaeque
496 1133 553 1212 ipsi
579 1132 708 1192 doceant
735 1134 767 1192 in
795 1154 851 1193 usu
876 1134 996 1194 habere.
1039 1136 1114 1195 mihi
1139 1143 1241 1194 tamen
1255 1138 1287 1194 11

327 1232 388 1291 hoc
402 1250 496 1289 unum
511 1250 571 1289 non
585 1229 755 1308 persuadet,
771 1231 866 1290 satius
882 1250 947 1291 esse
964 1232 1024 1290 ista
1037 1232 1136 1292 facere
1149 1252 1241 1310 quam

327 1347 400 1389 cum
414 1326 466 1387 illo
479 1326 544 1387 dies
559 1337 640 1387 totos
653 1326 804 1387 audiendo
818 1326 1022 1406 discendoque
1035 1347 1219 1388 consumere.

280 1448 315 1486 ro
370 1425 439 1500 Quo
462 1426 558 1506 mame
582 1434 622 1497 te,
647 1425 696 1485 cui
724 1435 819 1497 uacat,
845 1425 959 1497 hortor,
985 1445 1055 1486 cum
1078 1426 1111 1486 in
1135 1426 1241 1486 urbem

328 1523 467 1603 proxime
489 1524 609 1583 ueneris
630 1523 748 1593 (uenias
761 1533 864 1583 autem
878 1522 918 1583 ob
932 1523 989 1584 hoc
1003 1524 1176 1600 maturius),
1196 1523 1240 1582 illi

329 1631 361 1681 te
375 1620 590 1700 expoliendum
605 1620 831 1698 limandumque
845 1621 1013 1700 pennittas.
1047 1640 1145 1698 neque
1160 1619 1287 1679 enim12

329 1735 395 1795 ego,
411 1724 446 1774 ut
464 1714 562 1786 multi,
578 1714 700 1774 inuideo
713 1714 781 1773 aliis
795 1714 908 1774 bonum
922 1734 984 1791 quo
998 1714 1062 1792 ipse
1076 1733 1171 1786 careo,
1187 1712 1241 1773 sed

328 1821 435 1873 contra
448 1832 569 1873 sensum
583 1811 734 1891 quendam
749 1811 998 1891 uoluptatemquc
1010 1810 1150 1890 percipio,
1166 1810 1191 1869 si
1205 1830 1241 1870 ea

280 1933 313 1984 ¹5
327 1929 408 1989 quae
421 1910 496 1970 mihi
509 1909 699 1990 denegantur
711 1910 816 1970 amicis
830 1907 920 1969 uideo
934 1927 1099 1988 superesse.
1142 1907 1218 1968 uale

670 2206 728 2285 ss.
763 2229 795 2289 (Ι.
818 2230 869 2289 12.)

435 2346 464 2397 C.
486 2344 633 2395 PLINIVS
650 2344 851 2396 CALESTRIO
869 2342 1000 2396 TIRONI
1018 2343 1087 2395 SVO
1104 2344 1130 2396 S.

371 2460 522 2523 Iacturam
542 2462 749 2543 gramssimam
771 2461 836 2532 leci,
859 2461 885 2520 si
906 2462 1024 2521 iactura
1044 2462 1172 2523 dicenda
1193 2474 1240 2523 est
1269 2469 1284 2524 1

328 2560 615 2619 tantiuiriamissio.
651 2559 780 2620 decessit
790 2558 938 2620 Corellius
950 2558 1057 2632 Rufus,
1071 2570 1103 2619 ct
1117 2560 1239 2639 quidem
1298 2571 1305 2591 ⁵

280 2665 444 2736 suspecte,
473 2656 556 2735 quod
582 2656 717 2718 dolorem
745 2677 845 2716 mcum
874 2654 1038 2716 exulcerat.
1084 2668 1131 2717 est
1159 2659 1239 2717 onim

326 2753 582 2814 luctuosissimum
600 2774 695 2835 genus
714 2756 819 2813 mortis
839 2774 916 2832 quac
932 2774 992 2814 non
1007 2774 1046 2813 ex
1061 2764 1171 2815 natura
1185 2776 1240 2816 nee

328 2851 429 2911 fatalis
449 2851 578 2911 uidetur.
632 2872 701 2911 iram
727 2863 890 2930 utcumque
916 2852 947 2910 in
973 2851 1032 2911 illis
1057 2853 1110 2931 qui
1135 2852 1239 2913 morbo
1269 2856 1286 2910 2

327 2949 476 3008 finiuntur
490 2967 638 3029 Jnagnum
660 2970 698 3009 ex
719 2949 784 3029 ipsa
805 2949 983 3009 necessitate
1009 2949 1153 3011 solacium
1175 2960 1240 3023 est;

329 3047 359 3105 in
380 3046 417 3105 iis
433 3067 504 3104 uero
519 3066 593 3123 ‹puos
612 3047 755 3106 accersita
776 3067 855 3105 mors
872 3046 974 3105 aufert
995 3046 1043 3106 hic
1065 3046 1239 3107 insanabilis

281 3163 313 3215 ²5
327 3144 414 3204 dolor
425 3155 480 3216 cst,
496 3144 577 3222 quod
591 3144 756 3204 erculanitur
768 3145 900 3223 potuisse
914 3143 967 3202 diu
985 3145 1096 3205 uiuere.
1140 3146 1239 3207 Corcl-
1268 3150 1286 3205 3

330 3242 401 3301 lium
416 3240 539 3319 qrridcnr
554 3262 670 3300 sunnna
685 3242 771 3311 tutio,
784 3261 861 3319 (lirae
875 3240 1065 3320 sapientibus
1077 3262 1131 3319 pro
1143 3263 1235 3302 ncces-

332 3406 361 3455 ts
376 3403 474 3454 mcum
486 3407 577 3453 Brona
587 3403 656 3452 uno
666 3407 714 3451 lv

361 3494 383 3537 Ι
402 3489 433 3538 18
446 3486 496 3537 leci
508 3486 592 3537 1νῆ
601 3486 683 3536 feroci
694 3491 714 3536 Β
724 3486 781 3535 lero
788 3490 841 3537 rou
