2950 4175
821 255 1191 263 ———

287 411 336 462 ua
492 410 522 464 Ο.
544 409 645 462 emm
660 408 806 464 cauom
822 407 979 462 suevum
1005 407 1058 466 84.
1074 409 1120 472 (L
1130 410 1188 479 171)

630 634 683 692 84·
717 636 761 697 (X.
784 638 812 691 17
822 639 860 699 n.)

421 751 450 803 C.
470 749 620 802 PLINIVS
636 749 802 803 TRAIANO
819 750 1053 803 IMPERATORL

258 878 272 933 1
327 868 443 945 Quinto
460 866 578 928 decimo
592 866 747 928 Kalendae
761 865 914 942 Octobres,
929 867 1057 942 domine,
1073 868 1190 948 prouin·

286 969 363 1029 eiam
377 965 500 1037 intrani,
516 983 608 1042 quam
622 963 654 1024 in
669 983 706 1026 oo
719 963 872 1044 obsequio,
888 967 920 1026 in
938 985 973 1028 ea
993 984 1064 1046 erge
1080 975 1111 1026 te
1130 964 1190 1027 fide

257 1070 379 1145 uquam
405 1061 445 1124 de
469 1081 579 1143 genere
610 1061 744 1122 humano
766 1064 890 1124 mereris
916 1064 1027 1124 inueni.
1067 1061 1188 1142 diepioe,
1219 1074 1233 1128 5

286 1160 417 1233 domine,
433 1179 473 1220 an
487 1160 688 1220 neceesarium
702 1167 791 1240 putee
805 1161 926 1222 mittere
940 1160 999 1222 huo
1014 1178 1188 1221 mensorem

287 1258 433 1320 uidentur
446 1257 527 1319 enim
541 1277 603 1318 non
617 1256 782 1319 mediocres
795 1259 939 1338 pecuniae
959 1277 1044 1339 poete
1057 1258 1190 1319 reuoeari

286 1377 305 1416 a
318 1354 510 1417 curatoribus
526 1375 661 1435 operum,
676 1356 702 1417 ei
723 1374 880 1417 mensurae
901 1356 1030 1417 fideliter
1049 1365 1188 1438 aguntur.

287 1454 332 1514 ita
348 1462 430 1515 oerte
452 1453 601 1533 prospicio
619 1473 657 1514 ex
671 1453 788 1514 ratione
802 1453 1004 1528 Pnreeruium,
1019 1473 1109 1533 quam
1122 1472 1191 1514 oum

287 1552 418 1612 maxime
439 1558 545 1611 tracto.
1206 1565 1235 1602 ro

604 1789 656 1846 85.
691 1790 734 1849 (K
757 1793 787 1842 18
804 1791 879 1854 1291)

570 1905 760 1958 TRAIANVS
777 1905 908 1959 PLINIO.

258 2039 272 2097 1
328 2022 478 2107 uaporem
506 2023 572 2084 eine
595 2021 719 2102 querela
746 2021 913 2103 oorpueouli
938 2024 984 2083 tui
1011 2033 1043 2086 et
1069 2032 1191 2088 tuorum

288 2123 447 2207 peruenire
466 2123 498 2183 in
521 2122 699 2201 Bithyniam
719 2121 869 2201 potuieeee
885 2141 919 2183 ao
940 2122 1035 2184 simile
1056 2122 1111 2184 tibi
1133 2124 1192 2185 iter

286 2222 327 2286 ab
340 2220 460 2304 Epheso
474 2220 502 2283 ei
516 2219 705 2302 nauigationi
719 2220 834 2293 iuieeet,
845 2240 936 2298 quam
946 2234 1087 2304 expertus
1097 2242 1192 2301 usque
1207 2235 1236 2287 ις

257 2318 341 2390 tillo
361 2338 436 2382 eras.
479 2339 540 2397 quo
560 2327 663 2379 autem
684 2318 734 2379 die
756 2318 940 2397 peruenisset
964 2319 995 2379 in
1016 2319 1190 2398 Bithyniam

287 2415 949 2500 enganni,Secundeoamesimelitteristuie.
985 2417 1189 2496 prouincialee,

287 2514 387 2592 oredo,
403 2524 597 2597 prospectum
610 2514 667 2575 eibi
681 2534 701 2574 a
718 2533 767 2575 me
787 2512 973 2594 intellegent.
1017 2534 1084 2575 uam
1105 2524 1137 2576 et
1157 2526 1191 2575 tu

287 2613 375 2680 dabie
389 2632 511 2694 operam
527 2620 562 2672 ut
576 2611 771 2673 manifestum
785 2612 826 2672 eit
840 2610 899 2672 illie
919 2611 1046 2673 eloctum
1067 2621 1098 2673 te
1118 2632 1190 2686 esee,

259 2712 341 2794 aqui
361 2710 403 2775 ad
423 2709 545 2773 eoadem
566 2709 625 2770 mei
647 2707 713 2770 loeo
729 2708 901 2770 mittereriu
944 2709 1074 2771 rationes
1089 2721 1192 2771 autem
1204 2723 1236 2761 20

289 2811 320 2874 iu
344 2809 450 2892 primia
474 2807 530 2869 tibi
552 2826 652 2867 rorum
676 2805 862 2885 publicarum
884 2806 1080 2868 excutiendae
1103 2819 1191 2867 sunt:

290 2929 359 2972 uum
374 2917 407 2971 ot
420 2926 484 2968 oeeo
499 2925 549 2966 oue
565 2915 689 2965 uexatus
708 2905 782 2965 satis
801 2916 927 2965 constat.
969 2925 1117 2966 mensores
1138 2906 1190 2966 uix

290 3006 381 3072 otium
404 3004 442 3066 iis
463 3003 605 3085 oporibus
625 3022 702 3080 qtrao
723 3014 778 3063 aut
799 3001 910 3063 Romzte
930 3014 984 3062 aut
1005 3004 1034 3063 in
1056 3003 1191 3083 proximo

290 3104 369 3168 flunt
382 3101 563 3165 auffleiuntue
579 3100 694 3161 habeo:
715 3099 768 3161 eud
788 3101 818 3160 in
840 3102 919 3161 omni
941 3101 1091 3181 prouincia
1112 3101 1190 3161 inuu-

323 3259 366 3304 u
384 3254 400 3302 ⁸
417 3262 535 3316 eguntur
551 3254 570 3300 0
586 3255 733 3315 agentern
770 3250 787 3298 9
805 3264 864 3299 oum
883 3250 994 3299 maxime
1011 3253 1030 3299 0
1047 3249 1191 3299 Perizonou

290 3351 332 3402 ou
349 3332 465 3385 nmium
475 3348 536 3381 oum
550 3332 667 3381 Maximo
677 3344 695 3381 a

324 3423 366 3469 u
387 3418 416 3469 io
432 3415 457 3466 ei
468 3413 601 3467 θωπί)
611 3422 675 3469 nte.
685 3430 732 3463 one.
752 3414 851 3461 vorren
883 3414 917 3463 20
932 3413 1191 3475 eosdemne-efflent]

296 3499 395 3554 tettan
427 3498 459 3549 m
476 3496 638 3547 auffiuieatoe
649 3500 667 3544 ο
678 3496 838 3546 auffleienter
849 3507 866 3544 a
