2950 4175
241 354 315 417 ap
328 355 368 414 12)
478 349 678 401 nmsrvme
700 349 891 402 sannorum
1110 355 1141 404 0

240 501 320 580 lngit.
352 500 412 558 iam
421 497 486 557 dies
497 497 581 568 alter,
592 497 708 569 tertius,
721 506 865 576 quartus:
880 498 1050 559 abstinebat
1063 500 1137 560 cibo.
1190 494 1195 500 ’

239 599 314 658 misit
327 596 367 656 ad
381 616 430 655 me
445 615 521 654 uxor
534 595 598 654 eius
614 595 753 674 Hispulla
766 616 956 657 communem
964 598 1094 657 amicum
1104 597 1136 658 C.
1227 602 1233 630 ⁸

238 695 405 755 Geminium
414 714 482 752 cum
492 694 662 752 tristissimo
673 695 788 766 nuntio,
798 695 965 755 destinasse
974 696 1137 756 Corellium

237 792 307 851 mori
329 812 384 851 nec
404 800 459 850 aut
479 791 540 849 suis
567 804 621 849 aut
648 791 726 851 filiae
755 793 894 872 precibus
921 794 1010 865 flecti,
1041 794 1137 854 solum

217 902 386 967 §superesse
401 908 546 965 meaque
556 890 688 948 reuocari
699 889 850 969 possetad
861 891 965 950 uitam.
1001 892 1119 951 cucurri
1132 915 1138 950 :
1152 895 1185 951 10

235 1005 428 1065 perueneram
438 986 470 1044 in
481 987 658 1064 proximum,
671 1007 739 1047 cum
750 987 824 1046 mihi
833 987 872 1046 ab
881 987 986 1047 eadem
997 987 1139 1067 Hispulla

236 1081 327 1143 lulius
355 1082 477 1142 Atticus
504 1083 626 1144 nuntiat
653 1084 727 1144 nihil
763 1084 823 1142 iam
858 1104 896 1144 ne
931 1105 979 1144 me
1014 1085 1137 1163 quidem

235 1180 482 1260 impetraturum:
505 1190 568 1240 tam
582 1181 732 1241 obstinate
746 1181 842 1261 magis
856 1201 891 1242 ac
905 1183 1000 1262 magis
1015 1182 1137 1241 induru-

235 1278 296 1338 isse
340 1277 461 1338 dixerat
476 1299 547 1338 sane
566 1279 681 1339 medico
697 1278 872 1338 admouenti
890 1279 990 1339 cibum
1009 1279 1136 1354 κέκρικα,

205 1392 308 1454 requae
322 1396 384 1435 uox
398 1385 545 1454 quantum
560 1376 766 1436 admirationis
779 1375 811 1434 in
826 1376 927 1436 animo
938 1397 1005 1437 meo
1016 1385 1137 1448 tantum

235 1471 372 1534 desiderii
387 1473 516 1552 reliquit.
1195 1484 1242 1539 ‚A

271 1571 382 1652 Cogito
416 1591 476 1649 quo
502 1571 604 1642 amieo,
634 1591 694 1649 quo
721 1571 788 1630 uiro
815 1590 940 1630 caream.
998 1571 1138 1651 impleuit
1151 1569 1183 1625 11

234 1669 354 1748 quidem
389 1690 500 1728 anuum
531 1669 691 1748 septimum
720 1678 752 1728 et
779 1669 1029 1749 sexagensimum,
1060 1690 1137 1747 quac

234 1776 314 1828 aetas
328 1767 421 1827 etiam
435 1767 647 1826 robustissimis
662 1767 734 1826 satis
749 1766 840 1846 longa
853 1775 917 1826 est:
932 1767 1001 1826 seio.
1041 1768 1138 1827 euasit

202 1886 223 1938 ις
235 1874 409 1946 perpetuam
424 1865 646 1925 ualetudinem:
667 1865 735 1925 seio.
779 1864 909 1925 decessit
923 1865 1137 1944 superstitibus

234 1964 302 2037 0010,
319 1964 446 2023 florente
460 1983 492 2022 re
507 1962 633 2041 publica,
649 1982 726 2040 quae
743 1961 787 2021 illi
806 1962 945 2022 omnibus
962 1963 1024 2022 suis
1041 1963 1138 2023 carior

234 2070 315 2123 erat:
337 2070 369 2121 et
387 2061 442 2121 hoc
460 2061 526 2121 seio.
570 2079 627 2140 ego
640 2048 741 2119 tamen
756 2068 901 2138 tanquam
920 2067 951 2119 et
970 2060 1089 2120 iuuenis
1106 2069 1138 2120 et
1152 2064 1184 2120 12

234 2160 388 2221 fortissimi
409 2170 505 2219 morte
528 2158 622 2230 doleo,
646 2157 733 2217 doleo
756 2165 866 2229 autem,
892 2156 962 2217 lieet
981 2178 1027 2217 me
1047 2158 1138 2218 imbe-

233 2257 333 2319 cillum
355 2265 450 2336 putes,
473 2276 539 2316 meo
559 2256 686 2315 nomine.
729 2255 815 2314 amisi
837 2254 925 2326 enim,
948 2255 1033 2314 amisi
1056 2256 1138 2315 uitae

195 2373 224 2409 ao
234 2372 317 2411 mone
331 2361 449 2421 testem,
466 2362 619 2420 rectorem,
636 2348 821 2428 magistrum.
859 2348 1026 2417 insomnia,
1040 2349 1136 2409 (licam

234 2450 314 2531 quod
337 2450 448 2508 recenti
469 2448 571 2508 dolore
592 2445 798 2507 contubernali
820 2466 887 2505 meo
909 2445 1040 2505 Caluisio
1063 2446 1136 2517 dixi,

237 2556 359 2609 ‘uereor
373 2568 410 2606 nc
425 2546 632 2627 neglegentius
647 2543 768 2603 uiuam’
1067 2547 1069 2553 '

275 2645 406 2706 Proinde
420 2644 528 2704 adhibe
543 2643 651 2703 solacia
665 2641 747 2714 mihi,
763 2660 824 2701 non
844 2640 916 2700 haee
934 2648 1042 2700 ‘senex
1063 2650 1136 2713 erat,
1152 2649 1185 2705 13

239 2878 248 2925 l
276 2876 355 2940 fregit
386 2875 523 2923 ,11000000
565 2874 580 2921 3
605 2873 746 2937 geminium
774 2876 847 2920 Bl'ua
875 2871 1007 2935 geminum
1037 2884 1052 2919 o
1083 2870 1140 2920 Keil

237 2959 397 3023 gennanium
422 2962 449 3006 11
471 2972 621 3020 gentianum
643 2959 665 3002 V
704 2957 720 3003 4
749 2952 819 3001 flecti
846 2956 936 3001 BPoua
965 2951 1063 3001 inflecti
1093 2957 1141 3001 HV

237 3041 253 3090 9
280 3042 375 3102 κέκρικα
397 3038 498 3088 Blivfa
519 3041 622 3096 κέκμηκα
649 3036 798 3094 Beroaldus,
819 3034 877 3083 210
900 3050 959 3083 ouer
977 3051 1041 3082 000.
1065 3039 1091 3092 Ρ,
1113 3034 1140 3083 in

238 3121 313 3171 11αο1·
323 3136 346 3180 0,
357 3137 406 3170 one.
420 3124 443 3167 10
456 3118 531 3168 11001
541 3133 559 3167 0
590 3122 618 3168 16
635 3120 688 3167 0010
699 3134 748 3167 om.
760 3116 940 3179 011010ῃί000
952 3117 1020 3167 uvf
1049 3119 1076 3169 17
1092 3133 1141 3181 ego

216 3218 284 3253 ‘ona
296 3208 343 3253 HV
354 3211 381 3252 et
394 3203 495 3251 1000010
506 3208 534 3249 00
546 3201 681 3249 fortissimi
693 3204 745 3248 Boa
760 3199 862 3247 iuuenis
873 3205 902 3247 et
914 3198 1052 3247 fortissimi
1066 3204 1101 3247 Fu
1113 3208 1141 3248 et

239 3287 340 3336 iuuenis
351 3292 379 3335 et
391 3284 530 3333 firmissimi
542 3288 590 3331 HV
625 3285 653 3330 18
670 3288 754 3330 morte
769 3279 845 3329 doleo
858 3279 935 3329 doleo
950 3290 1039 3329 auteur
1052 3284 1142 3329 Bl'oua

239 3379 348 3419 mortem
376 3368 452 3416 doleo
479 3365 555 3414 doleo
582 3374 669 3413 autem
697 3368 719 3411 V
749 3367 859 3411 mortem
891 3360 968 3410 doleo
997 3368 1087 3411 000010
1116 3367 1142 3411 H

242 3452 270 3501 lu
285 3452 360 3500 arrrisi
373 3466 420 3498 000
436 3449 482 3510 cll.
497 3449 566 3496 enim
578 3446 645 3496 1111
