2950 4175
285 378 323 435 18.
336 381 365 441 (ἰ
376 383 418 442 w)
508 378 709 430 EPISTVLAE
729 378 919 430 SELEGI'AR
1136 381 1168 431 10

622 574 673 629 13.
707 574 740 634 (L
758 576 812 636 20.)
846 581 892 628 53.-

372 694 401 744 C.
423 691 573 743 PLINIVS
589 691 773 743 CORNELIO
791 693 921 744 TACITO
938 693 1007 743 SVO
1023 692 1049 742 S.

306 808 454 888 Frequens
479 808 554 868 mihi
577 809 744 888 disputatio
767 820 814 870 eet
834 831 903 871 cum
923 808 1054 888 quodam
1075 807 1193 869 doctol

277 906 379 968 homine
399 917 431 970 et
450 907 557 986 perito,
573 908 621 967 cui
635 908 710 967 nihil
723 928 819 986 neque
832 909 864 967 in
878 908 976 968 cousin
989 905 1115 986 agendis
1128 918 1163 964 ut

254 1003 392 1066 Sbnuitas
416 1005 525 1085 placet.
567 1024 658 1083 quam
680 1025 737 1087 ego
760 1005 988 1090 custodiendam
1010 1024 1075 1064 eme
1096 1009 1194 1064 oon-2

273 1101 353 1176 fluor,
376 1103 403 1164 ei
428 1123 518 1163 causa
541 1103 716 1182 permittet:
745 1103 856 1181 alioqui
878 1101 1095 1182 praeuaricatio
1116 1110 1163 1160 cet

273 1203 387 1262 transire
425 1200 561 1273 dicenda,
597 1201 815 1280 praeuaricatio
851 1201 944 1260 etiam
981 1199 1092 1260 cursim
1130 1211 1162 1259 et

271 1297 392 1360 breuiter
421 1299 572 1380 attingere
596 1319 674 1377 quae
697 1300 759 1358 sint
785 1297 969 1369 inculcanda,
998 1295 1160 1378 infigenda,

270 1397 431 1478 repetenda.
495 1418 567 1457 nem
600 1396 749 1477 plerisque
783 1395 916 1476 longiore
947 1405 1079 1455 tmctotu
1114 1395 1190 1457 uia³

239 1496 407 1574 ¹oqunednm
421 1505 453 1557 et
466 1496 585 1575 pondus
598 1495 721 1568 accedit,
742 1504 836 1573 utque
849 1494 966 1573 corpori
980 1494 1104 1566 ferrum,
1118 1493 1161 1553 tic

267 1595 353 1654 oratio
367 1593 470 1654 animo
484 1612 544 1653 non
558 1593 622 1654 ictu
635 1593 731 1673 magis
744 1611 835 1671 quom
849 1611 934 1651 mora
946 1591 1138 1670 imprimitur.

299 1691 357 1752 Hic
385 1690 438 1750 ille
465 1711 582 1751 mecum
609 1689 840 1751 auctoritatibm
866 1689 931 1769 agit
958 1708 994 1748 ac
1021 1689 1095 1748 mihi
1122 1697 1190 1751 ext

265 1788 381 1851 Graecia
395 1781 546 1849 orationes
559 1788 669 1867 Lysiae
682 1796 823 1860 ostentat,
839 1807 877 1848 ex
891 1787 1003 1847 nostrie
1015 1785 1161 1848 Graccho

264 1909 325 1949 rum
342 1887 535 1964 Catonisque,
550 1905 679 1965 quorum
697 1905 768 1946 eane
786 1885 932 1964 plurimae
949 1894 1022 1944 sunt
1038 1885 1160 1944 circnm-

233 1999 253 2051 15
263 1988 335 2047 cisae
350 1994 382 2047 et
396 1985 521 2045 breuem
536 2004 593 2065 ego
606 1983 716 2063 Lysiae
729 1983 963 2056 Demosthenen,
978 1983 1159 2055 Aeschinen,

263 2082 447 2164 Hyperiden,
462 2080 633 2160 multosque
654 2093 816 2162 praeterea,
835 2080 979 2142 Gracchis
1001 2094 1033 2141 et
1051 2080 1159 2143 Catoni

261 2183 434 2254 Pollionem,
450 2180 616 2254 Caesarem,
632 2179 775 2252 Caelium,
791 2181 822 2239 in
842 2181 948 2259 primis
968 2179 1012 2239 M
1027 2180 1159 2241 Tullium

261 2301 386 2361 oppono,
402 2280 487 2341 cuius
501 2280 598 2339 oratio
611 2279 725 2358 optima
738 2278 836 2338 fertur
849 2298 914 2338 eme
927 2298 1005 2356 quac
1019 2280 1158 2339 maxima

260 2392 291 2439 ct
304 2377 425 2439 hercule
439 2387 475 2437 ut
488 2377 563 2437 aliae
577 2377 672 2437 bonae
686 2397 733 2435 ree
747 2377 791 2435 ita
804 2376 899 2436 houm
913 2376 990 2436 liber
1000 2374 1105 2438 melior
1114 2391 1160 2437 eet

223 2494 251 2531 ao
260 2477 386 2555 quisque
402 2494 463 2553 quo
477 2475 578 2535 maior.
621 2474 707 2534 uidet
720 2483 755 2533 ut
769 2485 893 2546 matuaa,
908 2475 1003 2554 signa,
1018 2476 1190 2555 pictones

261 2574 416 2634 hominum
439 2571 569 2650 denique
593 2572 816 2650 multorumque
840 2572 1014 2633 animalium
1039 2575 1158 2648 lormae,

260 2673 400 2733 arborum
428 2670 576 2743 etiamsi
603 2670 693 2731 modo
718 2671 780 2729 aiut
806 2670 940 2743 decorae,
965 2673 1040 2733 nihil
1064 2674 1161 2754 megin

261 2790 350 2849 quam
361 2768 529 2848 amplitudo
539 2768 734 2830 commendet.
765 2769 845 2829 idem
853 2771 1039 2832 orationihus
1047 2773 1158 2838 euenit,

261 2870 332 2947 quin
356 2868 448 2928 etiam
471 2868 673 2928 uoluminihua
689 2868 761 2947 ipsis
779 2870 989 2930 alletoritatem
1008 2871 1158 2949 querulam

219 2981 248 3033 ²5
261 2977 292 3026 et
305 2965 558 3045 pulchritudinem
572 2966 665 3025 adicit
678 2966 861 3046 magnitudo.

302 3063 384 3124 Haec
412 3063 463 3123 ille
487 3063 643 3141 multaque
665 3063 724 3122 alia
747 3084 825 3141 quac
852 3086 870 3123 a
898 3085 946 3125 me
972 3067 1004 3126 in
1032 3068 1189 3134 mutent

261 3162 441 3221 seutentiam
455 3160 552 3221 solent
564 3160 633 3233 dici,
649 3173 684 3220 ut
697 3173 743 3220 eet
757 3162 788 3220 in
802 3162 985 3243 deputando
997 3166 1159 3248 inomnpre

295 3310 811 3375 aaopemittetmmmntitf
848 3314 1162 3369 edecument!

262 3392 314 3440 cod.
330 3391 423 3442 Drerd.
462 3393 492 3440 ll)
509 3392 1159 3461 monumemtum-etiamn

261 3475 295 3522 ‘20
309 3476 427 3538 picturas
438 3474 573 3524 hminum
583 3473 752 3539 denumque,
763 3476 916 3527 nimlia-
928 3479 1070 3531 Imm
