2950 4175
305 392 337 446 74
489 413 495 422 ¹
517 389 546 443 0.
567 388 667 441 PLINI
684 387 829 440 cauum
845 388 1002 443 suevum
1055 390 1109 448 30.
1127 386 1171 453 (V.
1181 392 1208 451 8)

307 536 349 597 M.
360 536 502 607 Tullium,
514 534 547 595 O.
558 533 694 606 Caluum,
706 534 845 594 Asinium
853 535 1026 611 Pollionem,
1038 536 1079 598 M.
1088 537 1208 598 Messal-

306 635 375 707 lam,
405 633 439 708 Q.
478 631 683 704 Hortensium,
713 631 756 693 Μ.
786 631 921 706 Brutum,
956 633 990 694 L.
1019 633 1143 707 Sullam,
1173 633 1206 708 Q..

306 732 458 802 Catulum,
486 729 519 804 Q.
546 728 728 802 Scaeuolam,
753 729 815 791 Ser.
838 730 1009 812 Sulpicium,
1032 731 1207 803 Varronem,

306 831 503 908 Torquatum,
533 827 625 887 immo
652 827 828 906 Torquatos,
858 828 890 890 C.
920 829 1105 902 Memmium,
1135 829 1209 890 Len-

306 927 406 987 tulum
432 924 633 996 Gaetulicum,
659 924 818 987 Annaeum
846 925 995 1000 Senecam,
1019 936 1051 987 et
1071 927 1209 1006 proxime
1239 941 1252 995 5

306 1023 486 1103 Verginium
498 1021 620 1095 Rufum,
630 1031 662 1082 et
672 1022 697 1082 si
709 1042 769 1082 non
777 1024 927 1085 sufficiunt
935 1022 1071 1102 exempla
1078 1025 1208 1104 priuata,

306 1121 412 1181 diuum
421 1117 542 1190 Iulium,
552 1117 658 1178 diuum
667 1118 849 1200 Augustum,
858 1119 963 1181 diuum
972 1118 1115 1194 Narium,
1124 1120 1211 1181 Tibe·

276 1218 385 1279 trium
395 1215 567 1278 Caesareml
592 1215 1110 1296 Nemnemenimtranseo,quamuis
1118 1218 1212 1278 seiam

306 1335 367 1376 non
377 1313 528 1392 eorrumpi
538 1313 569 1374 in
579 1313 712 1374 deterius
723 1333 800 1392 quae
808 1313 969 1393 aliquando
982 1314 1073 1375 etiam
1083 1334 1103 1375 a
1113 1314 1209 1387 malie,

306 1413 359 1475 sed
373 1412 501 1472 honesta
515 1432 634 1472 manera
648 1422 726 1490 quae
740 1413 857 1492 saepius
869 1433 888 1473 a
901 1412 987 1475 bonis
999 1413 1084 1472 fiunt.
1130 1413 1212 1474 inter
1228 1428 1257 1466 ιο

306 1531 381 1591 quos
396 1509 445 1570 uel
463 1509 620 1589 praecipue
640 1509 842 1569 numerandus
856 1518 902 1570 est
915 1508 946 1569 P.
964 1507 1122 1590 Vergilius,
1140 1508 1212 1571 Gor-

307 1608 403 1669 nelius
415 1607 526 1687 Nepos,
539 1617 571 1666 et
581 1607 663 1687 prius
674 1606 789 1666 Ennius
798 1607 971 1686 Acciusque.
1012 1626 1071 1666 non
1085 1607 1212 1685 quidem

306 1707 337 1767 hi
349 1715 510 1777 senatores
521 1704 573 1765 sed
588 1705 731 1764 sanetitas
743 1724 858 1764 morum
870 1724 929 1764 non
939 1703 1033 1765 distat
1043 1704 1208 1765 ordinibus.

275 1811 293 1867 7
347 1803 454 1864 Recito
470 1813 578 1875 tamen,
595 1801 677 1881 quod
692 1801 736 1861 illi
750 1822 789 1861 an
806 1801 931 1863 iecerint
949 1803 1054 1864 neseio.
1098 1804 1209 1863 etiem:

306 1901 359 1963 sed
373 1901 418 1962 illi
432 1900 543 1961 iudicio
557 1919 611 1960 suo
626 1908 766 1978 poterant
780 1918 842 1959 esse
855 1899 997 1971 contenti,
1017 1899 1091 1959 mihi
1111 1900 1211 1961 mode-
1228 1917 1255 1970 ις

306 2000 382 2060 atior
402 1997 572 2060 oonstantia
593 2006 640 2056 est
660 2016 751 2075 quam
772 2005 808 2056 ut
828 1995 900 2056 satis
915 1995 1085 2057 absolutum
1104 2005 1211 2077 putem

277 2097 389 2177 8quod
415 2117 434 2156 a
455 2116 503 2156 me
532 2095 682 2175 probetur.
727 2094 829 2172 itaque
857 2094 910 2154 has
937 2094 1082 2155 recitandi
1105 2115 1211 2156 eausas

307 2215 423 2274 sequor,
437 2194 576 2274 primum,
588 2190 669 2271 quod
684 2192 747 2271 ipse
761 2190 813 2270 qui
827 2191 933 2252 reoitat
943 2190 1098 2270 aliquanto
1111 2193 1211 2254 aerius

308 2293 426 2373 seriptis
449 2292 510 2353 suis
534 2290 708 2351 auditorum
732 2290 900 2349 reuerentia
925 2289 1064 2362 intendit,
1088 2290 1208 2363 deinde,

307 2390 389 2470 quod
413 2389 451 2450 de
474 2389 584 2468 quibus
606 2387 727 2447 dubitat
749 2386 834 2465 quasi
857 2407 894 2448 ex
920 2387 1034 2448 consilii
1058 2390 1211 2449 sententia
1224 2411 1256 2447 20

276 2487 422 2548 9statuit.
468 2486 564 2545 multa
578 2485 669 2545 otiam
686 2505 705 2544 a
724 2483 827 2545 multis
848 2484 1033 2558 admonetur,
1054 2498 1086 2546 et
1104 2486 1129 2546 si
1149 2506 1210 2546 non

306 2585 514 2656 admoneatur,
529 2583 603 2662 quid
617 2583 744 2661 quisque
763 2583 874 2644 sentiat
893 2584 1032 2665 perspicit
1053 2606 1090 2645 ex
1110 2583 1208 2656 uultu,

308 2681 410 2753 oeulis,
437 2691 523 2751 nutu,
553 2700 652 2751 mmm,
679 2701 838 2755 murmure,
869 2681 987 2742 silentio
999 2704 1007 2755 3
1035 2701 1112 2760 quae
1136 2682 1210 2741 satis

308 2780 419 2860 apertis
456 2779 535 2837 notis
569 2778 713 2838 iudicium
741 2781 779 2839 ab
813 2780 998 2840 humanitate
1025 2777 1207 2838 discernunt.

262 2880 296 2935 10
308 2890 399 2956 nuluo
415 2877 498 2946 sulen,
516 2877 538 2935 si
555 2878 600 2936 cni
618 2878 695 2937 forto
712 2899 813 2938 eorum
829 2880 879 2957 qui
900 2877 1100 2937 interluennrt
1121 2896 1210 2937 curae
1224 2893 1253 2946 25

309 2976 401 3036 luerit
420 2974 525 3035 eudem
548 2974 598 3033 illa
620 2975 725 3053 legero,
749 2976 902 3056 intelleget
922 2995 969 3033 mo
989 2973 1135 3052 (praelum
1156 2985 1211 3032 alit

309 3103 468 3148 ontinenam
484 3114 603 3147 senecam
623 3102 766 3155 (aeneorum
785 3103 831 3157 BP)
847 3104 934 3147 Brona
947 3114 1073 3146 nummum
1091 3113 1210 3146 serieeam

310 3178 432 3227 lucanum
459 3181 485 3224 Μ
514 3179 650 3224 Arirnmmn
677 3177 798 3224 Sorrsomn
822 3183 850 3225 et
874 3177 1004 3225 Lucanum
1033 3175 1052 3224 f
1073 3178 1210 3225 eumcum

309 3257 442 3305 Senecam.
465 3256 600 3302 :lernaeum
619 3253 750 3301 lnuununr
770 3253 827 3302 Keil
869 3256 892 3302 ll
915 3253 1077 3314 uer-gilimer
1092 3253 1212 3312 nirgilins

310 3339 399 3382 Bl’ouu
411 3334 505 3381 omnus
516 3334 653 3394 neminisque
666 3331 812 3395 (sollempne
820 3337 863 3382 oul
876 3336 962 3380 Bl’oua
970 3332 1056 3378 meins
1067 3331 1211 3393 euuiusqm·

310 3417 336 3460 Μ
374 3414 401 3459 lu
424 3412 585 3470 ‹serraturitiul
607 3408 766 3457 perscienter
790 3407 920 3458 Cometen
944 3408 995 3463 llml
1019 3408 1050 3468 «js.
1078 3407 1102 3454 l'.
1129 3410 1165 3455 13.
1185 3411 1211 3464 ,4)

314 3492 343 3539 lu
360 3492 509 3539 reuerentia
521 3502 538 3537 ι
550 3487 723 3536 reuerentiam
735 3490 832 3535 mou

654 3659 758 3703 A
