2950 4175
311 413 342 461 10
516 408 545 461 C.
567 408 668 461 PLINI
685 408 831 463 cauom
846 410 1005 465 suevum
1074 412 1105 469 ’1.
1122 410 1213 474 (1010)

308 557 464 634 scalptore,
480 556 584 614 fictore
601 554 658 614 nisi
675 555 788 616 artifex
803 555 942 630 iudicare,
960 557 1005 618 ita
1019 559 1077 619 nisi
1092 558 1213 638 sapiens
1292 520 1301 631 l

309 674 368 714 non
384 659 485 731 potest
499 651 667 730 perspicere
681 652 854 730 sapientem.

279 756 296 812 ὁ
349 749 506 824 Quantum
537 747 610 806 mihi
643 756 745 809 tamen
776 768 896 809 cernere
923 749 1021 823 datur,
1056 750 1152 812 multa
1181 753 1213 811 iu

309 847 464 927 Euphrate
481 846 523 906 sic
544 845 679 905 eminent
701 855 732 906 et
753 844 872 906 elucent
888 855 924 906 ut
939 847 1128 909 mediocriter
1140 868 1214 928 quo

308 964 368 1022 que
382 943 486 1003 doctos
500 942 664 1003 aduertaut
677 950 709 1003 et
721 942 870 1003 adliciant.
902 942 1038 1023 disputat
1050 945 1211 1019 subtiliter,
1243 961 1257 1013 5

308 1041 452 1122 grauiter,
468 1048 575 1100 ornate
585 1062 594 1114 ;
614 1040 790 1118 frequenter
810 1040 902 1100 etiam
922 1039 1109 1103 Platonicam
1128 1042 1213 1103 illam

309 1139 527 1199 sublimitatem
550 1146 582 1198 et
600 1137 794 1199 latitudinem
813 1138 935 1220 effingit.
978 1158 1075 1200 sermo
1097 1147 1145 1200 est
1166 1160 1213 1201 oo-

310 1237 410 1316 piosus
425 1243 457 1295 et
471 1235 580 1308 uarius,
596 1235 693 1296 dulcis
712 1236 744 1296 in
763 1235 875 1315 primia,
894 1236 991 1314 etqui
1008 1244 1213 1317 repugnantes

280 1345 429 1411 equoque
443 1332 543 1406 ducat,
559 1332 704 1412 impellat.
748 1332 787 1393 ad
809 1333 866 1394 hoo
887 1333 1048 1412 proceritas
1069 1334 1210 1413 corporis,

309 1431 417 1491 decora
430 1430 529 1504 facies,
545 1430 693 1491 demissus
707 1430 840 1510 capillus,
853 1431 958 1513 ingens
972 1439 1004 1491 et
1016 1450 1091 1492 caua
1103 1430 1212 1506 barba;
1228 1452 1259 1490 ιο

309 1548 386 1606 quae
414 1527 485 1588 licet
512 1528 640 1588 fortuita
668 1537 700 1590 et
726 1530 829 1591 inania
855 1537 1007 1608 putentur,
1036 1527 1080 1588 illi
1108 1534 1212 1589 tamen

278 1642 296 1697 7
308 1625 472 1704 plurimum
495 1626 698 1686 uenerationis
720 1627 892 1705 adquirunt.
935 1626 1034 1686 nullus
1056 1626 1161 1687 horror
1179 1625 1211 1685 in

308 1723 400 1794 cultu,
424 1722 508 1782 nulla
529 1723 662 1796 tristitia,
686 1723 816 1783 multum
836 1724 1022 1784 seueritatis:
1047 1724 1211 1784 reuerearis

308 1840 472 1891 occursum,
498 1841 559 1880 non
584 1820 769 1881 reformides.
811 1821 892 1881 uitae
915 1821 1057 1882 sanctitas
1084 1841 1209 1894 summa,

308 1918 433 1980 comitas
447 1939 518 1998 par:
540 1919 706 1979 insectatur
719 1917 803 1990 uitia,
819 1937 879 1978 non
899 1918 1042 1992 homines,
1058 1938 1112 1980 nco
1126 1919 1211 1980 casti-
1227 1941 1256 1994 ις

308 2026 362 2100 gat
376 2025 510 2078 errantes
524 2016 578 2077 sed
593 2015 743 2077 emendat.
783 2015 915 2095 sequaris
928 2024 1100 2076 monentem
1113 2025 1211 2077 atten-

308 2124 359 2176 tus
367 2125 399 2176 et
407 2116 542 2195 pendens
551 2124 582 2176 et
591 2114 764 2195 persuaderi
773 2113 934 2188 tibi,etiam
943 2134 1011 2175 cum
1020 2114 1209 2194 persuaserit,

279 2223 296 2280 8
308 2214 418 2293 cupias.
458 2214 519 2274 iam
534 2233 607 2274 uero
621 2212 707 2273 liberi
721 2221 791 2285 tres,
807 2210 868 2271 duo
882 2231 986 2286 mares,
998 2232 1073 2291 quos
1086 2211 1212 2293 diligen·

309 2312 423 2371 tissime
435 2311 578 2372 instituit.
611 2330 694 2372 socer
705 2309 866 2388 Pompeius
877 2308 1018 2383 Iulianus,
1030 2330 1097 2371 cum
1111 2318 1212 2370 cetera

310 2410 375 2469 uita
398 2417 464 2469 tum
487 2409 535 2469 uel
558 2409 614 2469 hoc
637 2428 698 2468 uno
720 2428 846 2488 magnus
869 2417 901 2468 et
921 2408 1026 2480 clarus,
1047 2406 1128 2486 quod
1146 2407 1211 2487 ipsc
1225 2435 1257 2472 ιο

309 2507 480 2587 prouinciae
519 2506 665 2585 princeps,
703 2505 784 2565 inter
821 2504 981 2565 altissimas
1014 2504 1209 2576 condiciones,

309 2624 454 2687 generum
496 2623 556 2662 non
591 2603 754 2664 honoribus
785 2603 949 2683 prinoipem
982 2602 1034 2663 sed
1064 2601 1211 2681 sapientia

311 2701 410 2782 elegit.

281 2806 298 2862 9
350 2798 529 2876 Quanquam
549 2800 623 2877 quid
643 2820 699 2880 ego
720 2799 807 2879 plura
828 2798 867 2859 de
889 2799 954 2858 uiro
973 2818 1032 2875 quo
1056 2797 1127 2857 mihi
1151 2797 1209 2856 irui

311 2917 370 2956 nou
386 2896 474 2955 licctl
494 2917 531 2955 an
551 2907 586 2956 ut
605 2898 700 2977 magis
719 2917 812 2976 angar
832 2894 912 2974 quod
934 2915 992 2954 uon
1015 2894 1102 2955 licetl
1142 2915 1210 2954 nam
1226 2915 1255 2966 ²5

310 2994 475 3074 distringor
496 2994 592 3055 officio
610 3004 645 3053 ut
661 2993 793 3054 maximo
809 2993 851 3053 sic
865 2991 1079 3053 molestissimo.
1123 2992 1212 3052 sedeo

312 3114 365 3171 pro
380 3092 532 3161 tribunali,
549 3093 679 3151 subnoto
693 3090 817 3161 libellos,
834 3091 957 3150 oouiioio
976 3090 1100 3162 tabulas,
1116 3090 1212 3150 scribo

311 3245 327 3291 3
341 3244 404 3292 mihi
418 3251 505 3292 temon
518 3258 623 3291 cernere
635 3241 715 3290 datur
724 3245 779 3290 Bl'a
787 3247 874 3289 tumen
887 3239 951 3288 mihi
963 3255 1066 3289 cernere
1078 3238 1157 3288 datur
1166 3244 1212 3289 HV

312 3334 399 3375 tamen
419 3326 483 3374 mihi
503 3324 583 3373 ‹lntur
602 3339 708 3373 cernere
727 3336 761 3371 ou
803 3325 831 3372 15
854 3322 964 3371 comitas
984 3338 1031 3385 par
1048 3320 1149 3371 mvl-'a
1166 3336 1213 3385 par

311 3411 422 3458 comitas
433 3413 485 3457 Fou
522 3408 549 3458 17
568 3404 720 3470 paemrraderi
732 3404 800 3455 uvf
808 3402 964 3469 persuadere
976 3408 1063 3453 Brona
1094 3404 1123 3452 21
1142 3404 1212 3467 prin·

312 3508 372 3556 ceps
385 3490 454 3540 hunc
466 3490 535 3539 inter
547 3488 615 3539 uvf
