2950 4175
305 404 336 456 12
513 401 542 454 0.
563 400 665 455 eum
680 398 829 455 cauom
842 400 1001 455 suevum
1073 398 1106 461 8.
1122 400 1157 465 (Ι.
1169 400 1212 466 ta)

302 549 394 611 sitats
421 560 477 621 est,
507 546 547 608 ed
581 546 638 609 hoe
671 544 831 609 eonsilium
855 548 1009 629 compulit,
1037 566 1213 629 quenquam

304 647 448 727 plurimae
463 642 588 705 uiuendi
601 662 706 705 oeueee
719 642 891 720 habentem,
905 646 1051 727 optimam
1063 646 1213 709 eomoien·
1281 656 1289 725 ἱΙ

303 744 386 815 tiem,
409 741 557 821 optimam
577 740 697 814 iemem,
713 741 878 803 maximam
896 742 1116 817 auctoritatem,
1129 762 1214 823 prae
1254 760 1258 765 ·
1282 766 1292 773 ··

304 849 388 902 terea
411 838 514 910 filiam,
538 856 673 911 uxorem,
693 845 844 919 nepotem,
861 858 985 914 eororse,
1006 840 1147 921 interque
1164 848 1214 903 tot
1288 832 1291 837 ’

274 937 432 1018 4pignora
460 954 548 996 ueros
574 934 695 997 amieos.
737 934 792 997 sed
818 943 883 998 tem
905 936 1004 1021 longe,
1025 944 1090 999 tem
1108 937 1215 1019 inique
1242 952 1258 1009 5

305 1032 481 1095 ualetudine
495 1031 727 1095 conuiuabatur
739 1040 777 1095 ut
788 1032 863 1097 haec
875 1042 964 1097 iente
974 1034 1074 1117 pretia
1088 1034 1215 1099 uiuendi

217 1160 224 1201 ι
305 1130 412 1192 mortis
425 1128 595 1191 rationibus
608 1129 811 1193 uincerentur.

217 1234 247 1245 ““
345 1227 451 1289 Tertio
479 1234 511 1288 et
538 1226 712 1291 tricendmo
738 1248 828 1303 auno,
855 1236 894 1291 ut
918 1229 1018 1311 ipsum
1043 1228 1213 1304 audiebam,

305 1324 418 1407 pedum
445 1323 550 1386 dolore
577 1332 733 1407 correptus
754 1333 810 1389 est.
851 1326 968 1408 patrius
989 1326 1039 1389 bie
1057 1325 1121 1389 ilii:
1143 1346 1215 1389 uem

306 1423 485 1504 plerumque
506 1422 604 1498 morbi
624 1442 746 1503 quoque
765 1442 821 1504 per
841 1424 1040 1487 moeemiouee
1058 1423 1213 1503 qimedam,
1229 1440 1262 1481 ιο

276 1523 293 1580 5
306 1529 342 1582 ut
354 1520 422 1594 elie,
439 1519 612 1583 traduntur.
638 1520 719 1583 hunc
728 1520 921 1595 abstinentia,
932 1520 1102 1595 motitate,
1113 1518 1215 1601 quoad

306 1618 413 1681 uiridis
426 1629 518 1693 estes,
535 1619 610 1681 uicit
623 1626 656 1681 et
668 1618 763 1700 iregit
774 1640 783 1693 3
802 1618 964 1681 uotdesime
976 1638 1045 1681 oum
1058 1624 1215 1681 senectute

276 1721 293 1779 6
306 1718 568 1799 ingrauescentem
581 1715 698 1777 uiribus
711 1714 806 1777 enimi
818 1715 994 1789 eustinebat,
1008 1734 1078 1779 eum
1091 1714 1215 1795 quidem

307 1812 497 1875 incredibiles
519 1813 671 1875 cruciatus
689 1820 721 1874 et
740 1811 948 1895 indiguiuima
965 1820 1118 1875 tormenta
1132 1820 1215 1893 pate-

306 1920 398 1973 retur.
442 1912 504 1972 iam
525 1911 606 1972 enim
626 1909 714 1972 dolor
733 1929 795 1972 uon
813 1908 940 1990 pedibus
959 1909 1038 1985 solie,
1058 1917 1095 1971 at
1120 1909 1213 1991 psius,
1229 1927 1260 1985 ις

184 2081 186 2086 ,
307 2011 458 2073 insidebat
472 2010 526 2072 sed
540 2010 642 2072 omnia
660 2008 796 2072 membra
813 2007 1043 2092 pemegabatur.
1085 2006 1157 2069 ueni
1174 2004 1215 2068 ed

307 2130 376 2172 eum
400 2109 569 2171 Domitiani
590 2107 778 2190 temporibus
798 2107 832 2169 in
859 2106 1030 2168 suburbano
1057 2105 1213 2168 meantem

277 2217 295 2274 7
308 2208 388 2269 serui
402 2227 419 2269 e
436 2206 574 2269 cubiculo
587 2213 795 2268 recesserunt:
815 2203 947 2268 babebat
959 2203 1016 2264 hoe
1029 2202 1129 2277 moris,
1143 2221 1216 2282 quo

307 2307 386 2367 tiens
420 2307 565 2367 intrasset
598 2303 716 2366 fidelior
742 2303 875 2378 amious3
908 2301 982 2382 quin
1008 2300 1101 2362 etiam
1127 2319 1213 2375 uxor,

298 2423 481 2484 =quanquam
503 2402 601 2465 omnis
628 2400 736 2463 secreti
758 2399 957 2481 capacissima,
978 2396 1213 2480 digrediebatur.
1227 2415 1261 2454 so

277 2510 294 2566 8
307 2500 493 2563 circumtulit
507 2499 609 2561 oculos
622 2507 655 2561 et
667 2496 745 2559 ‘cur'
754 2497 856 2576 inquit
869 2502 935 2558 ‘me
948 2504 1036 2576 putas
1049 2495 1105 2556 hos
1112 2501 1215 2556 tentos

306 2598 425 2659 dolores
440 2609 504 2657 tam
518 2596 572 2657 diu
585 2595 755 2658 sustineret
794 2604 831 2656 ut
844 2594 957 2657 scilieet
970 2592 1021 2655 isti
1039 2590 1150 2654 latroni
1164 2591 1214 2652 uel

308 2715 368 2755 uno
386 2694 436 2755 dic
457 2692 623 2773 supersim?
664 2692 798 2755 dedisses
815 2693 885 2756 buic
903 2691 1004 2753 animo
1022 2710 1077 2771 par
1096 2709 1212 2771 corpus,

307 2793 426 2854 fecisset
440 2792 522 2872 quod
537 2791 670 2872 optabat.

349 2890 459 2951 Adfuit
474 2903 576 2950 terucu
593 2890 666 2951 deus
681 2900 763 2963 uoto,
779 2889 865 2952 cuiue
882 2888 934 2950 ille
952 2905 1079 2967 compos,
1100 2895 1135 2946 ut
1153 2884 1213 2946 iam
1227 2901 1259 2954 25

307 3008 428 3049 securus
442 2989 578 3068 liberque
590 2988 762 3061 moriturus,
775 2986 872 3048 multe
882 2985 934 3046 illa
944 2984 1025 3045 uitae
1035 2981 1087 3044 scd
1098 2981 1214 3042 minora

277 3086 472 3156 9rctiuacula
494 3087 625 3167 abrupit.
668 3086 838 3147 increuerat
858 3082 1009 3154 ualetudo,
1031 3100 1121 3161 quam
1140 3087 1213 3140 tem·

307 3185 444 3265 perantia
453 3185 594 3265 mitigare
603 3183 781 3264 temptauit;
795 3190 1036 3263 perseuerantem
1044 3176 1214 3239 constantia

305 3413 460 3477 ‘3optiuram
470 3410 658 3459 conscientiam
669 3423 718 3457 om.
732 3411 780 3456 biv
805 3408 834 3456 le
845 3404 959 3455 habebut
967 3399 1214 3453 bocmhebebet

306 3496 375 3545 euim
389 3494 437 3544 hoc
449 3498 503 3543 Fon
514 3490 630 3542 habebat
641 3492 664 3541 is
675 3489 725 3539 hoe
734 3502 754 3539 ι
788 3488 819 3539 le
833 3487 898 3553 quin
909 3502 958 3537 eae.
972 3489 1020 3536 Π
