2950 4175
319 361 370 418 48.
387 362 461 425 sm
471 364 499 423 9)
562 364 763 415 EPISTVLAE
785 367 974 420 SELECPAE.
1186 369 1219 423 W

336 567 338 570 .
357 506 442 566 Nihil
465 507 585 567 offuerit
605 528 681 585 quae
702 510 808 587 legeris
827 512 970 573 hactenus
991 523 1027 574 ut
1048 535 1110 575 rem
1133 513 1248 593 argu-8

262 607 286 647 Ὗ
317 611 513 680 mentumque
532 610 635 662 teneas
655 607 740 680 quasi
760 609 910 668 aemulum
931 611 1058 670 scribere
1075 610 1219 688 lectisque

316 698 458 774 conferre,
474 720 509 760 ac
529 699 634 759 sedulo
655 702 804 778 pensitare
825 705 898 781 quid
920 718 961 780 tu,
978 706 1051 783 quid
1072 708 1122 767 illo
1143 728 1218 767 com·
1271 751 1305 792 μ

316 796 442 856 modius
486 816 596 875 magna
616 797 786 874 gratulatio,
804 801 827 859 si
850 821 909 860 non
931 803 1014 862 nulla
1034 812 1077 877 tu,
1093 824 1218 883 magnus
1236 764 1271 879 ll·
1295 826 1299 853 ι

290 907 303 960 5
315 891 420 971 pudor,
437 894 462 952 si
476 901 584 952 cuncta
597 891 647 951 ille
662 892 774 952 molius.

356 989 473 1050 Licebit
495 989 648 1048 interdum
676 998 708 1048 et
736 992 889 1051 notissima
917 993 1028 1073 eligere
1050 1004 1082 1055 et
1105 1006 1217 1057 certare

316 1107 384 1147 cnm
405 1087 516 1147 electis.
559 1087 658 1147 audax
680 1088 760 1160 haec,
779 1109 839 1148 non
860 1098 961 1149 tamen
982 1093 1124 1170 improba
1147 1095 1247 1171 quia4

316 1195 429 1245 secreta
454 1187 625 1246 contentio:
655 1205 824 1263 quanquam
850 1187 961 1247 multos
990 1189 1125 1249 uidemus
1153 1193 1216 1251 eius

316 1284 397 1343 modi
411 1284 576 1344 certamina
589 1284 645 1343 sibi
661 1303 727 1343 cum
742 1283 838 1342 multa
852 1283 939 1343 laude
954 1287 1121 1364 sumpsisse,
1132 1307 1217 1365 quos

275 1399 305 1437 10
316 1401 374 1458 que
402 1382 543 1459 subsequi
571 1380 643 1440 satis
671 1380 828 1452 habebant,
858 1380 930 1440 dum
959 1401 1019 1440 non
1047 1382 1214 1462 desperant,

315 1479 515 1539 antecessisse

356 1577 474 1638 Poteris
495 1585 526 1637 et
546 1598 623 1656 qliae
637 1577 749 1636 dixeris
768 1584 836 1655 post
850 1576 1030 1636 obliuionem
1046 1585 1214 1653 retractare,
1228 1582 1245 1638 5

315 1675 411 1735 multa
432 1676 569 1747 retinere,
592 1675 678 1753 plura
699 1676 832 1748 transire,
848 1675 906 1733 alia
927 1674 1140 1747 interscribere,
1157 1675 1216 1736 alia

315 1772 484 1838 rescribere.
527 1773 708 1833 laboriosum
732 1772 814 1832 istud
838 1782 869 1832 et
893 1771 993 1832 taedio
1018 1773 1138 1850 plenum
1163 1774 1245 1834 sedt

272 1884 302 1936 15
314 1870 490 1932 difficultate
511 1871 576 1949 ipsa
594 1870 786 1945 fructuosum,
802 1870 978 1931 recalescere
993 1889 1031 1929 ex
1046 1869 1163 1949 integro
1184 1878 1216 1929 ct

314 1988 465 2030 resumere
489 1969 635 2047 impetum
663 1967 790 2029 fractum
817 1969 1027 2047 omissamque,
1064 1977 1215 2046 postremo

314 2088 394 2128 noua
420 2066 506 2128 uelut
540 2067 673 2127 membra
701 2075 819 2145 peracto
847 2067 963 2145 corpori
998 2067 1132 2127 intexere
1161 2086 1214 2127 nee

313 2173 415 2226 tamen
429 2166 530 2246 priora
544 2166 672 2225 turbare.

353 2263 422 2325 Scio
446 2283 526 2322 nunc
548 2262 604 2323 tibi
629 2282 692 2322 esse
719 2263 911 2341 praecipuum
933 2263 1067 2324 studium
1091 2262 1244 2338 orandi3'i

268 2361 365 2423 20sed
387 2382 447 2421 non
470 2360 537 2420 ideo
558 2380 675 2438 semper
689 2380 852 2439 pugnacem
868 2360 947 2420 hnuc
969 2371 1000 2419 et
1021 2362 1104 2440 quasi
1126 2361 1214 2420 bella·

313 2459 425 2519 torium
439 2458 544 2518 stilum
558 2458 708 2517 suaserim.
752 2468 787 2516 ut
801 2459 880 2517 enim
902 2467 999 2518 terrae
1014 2460 1105 2519 uariis
1120 2469 1213 2518 muta·

313 2557 411 2635 tisque
435 2556 607 2629 seminibus,
631 2556 674 2615 ita
696 2556 814 2634 ingenia
835 2566 937 2615 nostra
959 2576 1036 2616 nunc
1060 2557 1113 2616 hac
1135 2576 1213 2615 nnnc

311 2653 363 2713 illa
383 2654 579 2714 meditatione
600 2653 778 2714 recoluntur.
822 2654 891 2713 uolo
912 2654 1063 2714 interdum
1085 2653 1243 2731 aliqnan18

311 2772 350 2811 cx
371 2751 496 2812 historia
520 2751 618 2812 locum
638 2751 851 2831 apprehendas,
874 2750 945 2812 uolo
967 2751 1125 2831 epistulam
1150 2751 1215 2811 dili·

266 2863 298 2917 25
311 2850 432 2930 gentius
453 2851 572 2910 scribas,
616 2872 684 2909 nam
700 2870 786 2928 saepe
805 2851 835 2909 in
849 2851 999 2910 orationes
1021 2870 1139 2928 quoque
1154 2869 1213 2908 non

311 2950 453 3009 historica
486 2949 576 3009 modo
610 2949 662 3009 sed
698 2969 789 3027 prope
830 2950 945 3027 poetica
979 2949 1212 3027 descriptionum

311 3044 471 3103 necessitas
507 3042 621 3115 incidit,
651 3052 682 3102 et
717 3062 834 3121 pressus
870 3063 967 3102 sermo
996 3062 1147 3121 purusque
1176 3060 1213 3099 ex

310 3141 448 3218 epistulis
476 3142 598 3219 petitur.
642 3142 685 3201 sas
713 3152 758 3200 est
786 3152 817 3200 et
845 3142 973 3199 carmine
1002 3141 1123 3212 remitti,
1153 3138 1243 3197 non9

308 3236 377 3298 dieo
398 3239 542 3299 continuo
563 3248 594 3299 ct
618 3238 707 3319 longo
729 3237 772 3316 (id
794 3238 872 3298 eninr
895 3238 995 3315 perlici
1018 3237 1073 3296 nisi
1099 3237 1129 3295 in
1150 3237 1213 3297 otio

625 3454 658 3502 ‘33
675 3452 720 3501 illo
730 3450 793 3501 ufu
804 3450 864 3500 illac
874 3463 909 3501 oa

753 3546 770 3582 G
