2950 4175
286 395 341 451 28.
359 391 422 454 (111.
434 395 457 452 l)
532 391 732 442 EPISTVLAE
755 391 945 443 squcTAE.
1161 392 1195 441 49

282 540 417 615 aliquem
431 537 603 608 amicorum,
620 547 654 596 ut
670 557 717 597 me
736 538 879 617 proxime.
923 559 1013 617 quam
1033 537 1193 616 pulchrum
1222 539 1240 596 6

282 634 369 707 illud,
381 654 472 711 quam
482 632 570 693 dulce
581 641 745 694 secretum!
773 646 921 713 quantum
933 637 974 695 ini
985 634 1191 712 antiquitatis!

282 753 362 812 quae
391 733 479 804 facta,
508 752 585 809 quos
612 733 692 792 uires
720 733 843 793 audias!
880 735 989 813 quibus
1025 733 1193 812 praeceptis

281 830 439 890 imbuere!
454 829 592 907 quamuis
607 829 656 889 ille
671 831 725 891 hoc
740 840 1010 910 temperamentum
1027 830 1212 890 modestiae.

251 947 356 1000 §suae
375 926 528 998 indixerit,
548 946 585 986 ne
603 928 771 1006 praecipere
790 929 937 988 uideatur.
981 928 1110 1007 peractis
1129 947 1191 1006 sep·
1220 935 1238 991 t

280 1036 347 1087 tem
367 1025 489 1085 milibus
512 1045 653 1104 passuum
675 1026 785 1085 iterum
807 1026 943 1086 ambulat
964 1027 1055 1099 mille,
1080 1025 1191 1085 iterum

279 1118 391 1180 residit
408 1118 456 1178 uel
474 1138 505 1178 se
522 1117 658 1178 cubiculo
676 1139 709 1178 ac
728 1119 799 1178 stile
818 1118 927 1179 reddit.
971 1120 1077 1180 scribit
1100 1119 1188 1189 enim,

280 1224 316 1278 et
329 1216 453 1294 quidem
464 1226 591 1294 utraque
603 1215 712 1296 lingua,
726 1216 820 1294 lyrica
833 1216 1022 1277 doctissima:
1043 1217 1120 1277 mira
1131 1216 1190 1276 illis

279 1312 421 1386 dulced0,
439 1312 515 1372 mira
532 1314 672 1385 suauitas,
693 1314 770 1372 mira
789 1312 931 1386 hilaritas,
952 1315 1037 1374 cuius
1059 1315 1190 1394 gratiam

234 1415 267 1472 io
280 1411 420 1474 cumulat
430 1411 572 1472 sauctitas
582 1410 747 1471 scribentis.
780 1410 831 1470 ubi
843 1411 916 1471 hora
927 1412 1037 1472 balinei
1049 1413 1191 1472 nuntiata
1218 1416 1236 1476 8

280 1521 329 1572 est
345 1511 405 1590 (est
419 1519 521 1569 autem
535 1509 633 1569 hieme
647 1528 734 1580 riona,
751 1517 865 1569 aestate
880 1510 1009 1586 octaua),
1026 1511 1057 1568 in
1077 1510 1147 1582 sole,
1164 1510 1189 1568 si

280 1619 366 1671 caret
393 1617 493 1680 uento,
523 1607 658 1667 ambulat
682 1607 788 1667 nudus.
831 1607 940 1667 deinde
965 1617 1106 1668 mouetur
1128 1607 1190 1686 pila

281 1708 479 1768 uehementer
500 1714 532 1765 et
553 1705 623 1765 diu:
649 1726 717 1765 nam
741 1705 796 1766 hoc
820 1727 939 1784 queque
965 1706 1189 1766 exercitationis

280 1825 392 1887 genere
407 1813 524 1884 pugnat
537 1823 606 1864 eum
619 1811 781 1863 senectute.
816 1804 896 1864 lotus
910 1803 1036 1864 accubat
1051 1814 1082 1863 et
1097 1803 1190 1882 pauli-

237 1920 267 1973 ις
281 1923 351 1982 sper
368 1902 468 1962 cibum
486 1901 606 1962 differt:
629 1902 751 1962 interim
765 1902 851 1962 audit
870 1903 1020 1983 legentem
1036 1901 1189 1962 remissius

280 1999 396 2078 aliquid
421 2009 453 2059 et
476 1999 601 2060 dulcius.
644 2020 697 2078 per
725 1999 780 2061 hoc
802 2020 890 2060 omne
916 2008 1035 2079 tempus
1060 1999 1189 2060 liberum

281 2110 328 2161 est
349 2099 453 2159 amicis
471 2099 520 2159 uel
540 2099 643 2159 eadem
663 2100 760 2159 facere
780 2100 828 2159 uel
849 2099 915 2173 alia,
934 2100 959 2159 si
979 2100 1095 2159 malint.
1139 2099 1189 2159 ad·
1216 2103 1235 2163 9

199 2205 272 2274 ast„
282 2198 405 2279 ponitur
419 2217 492 2257 cena
506 2217 566 2258 non
580 2198 679 2258 minus
693 2197 790 2257 nitida
804 2218 894 2276 quam
909 2198 990 2279 frugi
1009 2197 1042 2259 in
1060 2207 1189 2279 argento

282 2316 357 2374 puro
380 2304 412 2355 et
433 2279 575 2373 antiquo:
604 2296 727 2355 suntin
754 2316 809 2355 usu
833 2305 864 2355 et
887 2295 1053 2369 Cennthia,
1078 2296 1189 2375 quibus

243 2394 451 2454 ”delectatur
473 2413 528 2453 nec
549 2393 695 2454 adficitur.
739 2394 918 2477 frequenttlr
940 2395 1092 2455 comoedis
1115 2415 1189 2455 cena
1238 2414 1270 2451 ιι·

283 2491 488 2571 distinguitur,
504 2499 540 2550 ut
553 2491 724 2570 uoluptates
739 2511 858 2569 quoque
872 2493 981 2552 studiis
996 2492 1185 2553 condiantur.

283 2590 374 2650 sumit·
387 2589 502 2668 aliquid
517 2589 555 2649 de
569 2601 655 2650 nocte
670 2600 701 2649 et
715 2600 847 2649 aestate:
864 2591 975 2650 nemini
991 2591 1046 2651 hoc
1062 2591 1187 2670 longum

284 2698 346 2759 est;
359 2698 447 2746 tanta
460 2687 602 2748 comitate
615 2687 787 2748 conuiuium
797 2688 942 2747 trahitur.
973 2688 1044 2748 inde
1059 2687 1103 2746 illi
1119 2697 1188 2767 post
1200 2697 1234 2755 10

284 2786 443 2864 septimum
471 2795 501 2840 et
526 2784 797 2861 septuagensimum
822 2807 933 2845 anrnnn
966 2786 1085 2845 aurium
1121 2806 1187 2845 ocu-

248 2888 272 2941 ²5
285 2883 379 2943 lorum
401 2883 489 2964 uigor
510 2884 635 2964 integer,
661 2883 730 2943 inde
756 2884 832 2963 agile
859 2894 890 2944 et
915 2884 1053 2944 uiuidum
1079 2905 1187 2963 eorpus

285 2982 404 3060 solaque
419 3002 457 3041 ex
472 2992 624 3042 senectute
639 2982 807 3063 prudentia.
1250 3001 1303 3049 „ji

324 3080 410 3139 Hanc
438 3100 494 3159 ege
522 3080 616 3139 uitam
649 3094 720 3140 now
748 3092 779 3140 et
806 3080 989 3160 cogitatione
1019 3087 1231 3159 praesunm,11

285 3239 297 3289 i
320 3236 413 3286 residit
429 3240 496 3287 m
512 3236 610 3287 residet
626 3241 696 3287 Forte
728 3240 744 3285 8
761 3238 844 3301 lyrica
861 3237 1014 3287 doctissima
1031 3242 1087 3286 Bra
1104 3237 1187 3301 lyrica

285 3319 322 3376 ni-
331 3325 360 3376 u)
371 3326 401 3367 et
412 3318 563 3367 doctissima
574 3333 607 3368 οιι
620 3319 700 3383 lyrica
712 3319 862 3369 ‹irretissnne
874 3320 943 3369 nvf
973 3323 1000 3367 14
1015 3319 1086 3368 lotus
1098 3324 1188 3370 Brona

286 3401 337 3451 illic
356 3406 405 3450 HV
444 3403 477 3450 :²⁰
502 3418 549 3450 nec
569 3406 615 3451 HV
633 3410 660 3450 et
681 3406 770 3452 Brona
810 3405 841 3451 2⁴
861 3403 996 3451 oculorum
1016 3406 1083 3450 BMV
1100 3403 1185 3454 oculo·

286 3498 393 3549 maique
406 3487 476 3533 Pom

725 3574 744 3611 D
