2950 4175
327 372 381 427 45.
399 371 460 432 (VI.
474 375 515 434 16)
577 375 777 427 EPISTVLAE
799 375 990 428 sutucrau
1203 371 1236 424 87

329 517 385 575 nisi
411 517 540 576 nauibus
565 520 665 597 fuga):
698 530 733 580 ut
756 543 788 581 se
808 531 895 582 tanto
921 521 1085 582 discrimini
1107 519 1236 596 eriperet

328 613 442 673 orabat.
487 615 582 674 uertit
595 615 646 675 ille
659 618 824 693 eonsilium,
839 629 870 679 et
884 619 965 698 quod
986 619 1121 678 studioso
1136 615 1236 674 arrimo
1264 616 1282 673 9

329 709 525 769 incohauerat
559 712 624 771 obit
660 717 800 775 maximo.
857 717 980 776 deducit
1021 716 1234 794 quadriremes,

328 804 466 866 ascendit
477 807 548 884 ipse,
560 827 619 867 non
631 808 775 871 Rectinae
786 813 876 873 modo
887 815 940 874 sed
951 814 1054 873 multis
1066 812 1235 890 (eratenim

299 914 313 968 5
329 905 470 981 frequens
484 905 650 964 amoenitas
663 912 746 980 orae)
763 908 878 968 laturus
897 911 1050 970 auxilium.
1095 916 1237 989 properat
1249 909 1282 966 10

328 1001 400 1060 illuc
435 1001 516 1061 unde
550 1001 601 1061 alii
636 1005 765 1082 fugiunt,
790 1007 963 1084 rectumeue
997 1028 1124 1081 cursum,
1154 1016 1237 1068 recta

328 1096 532 1178 gubernacula
547 1097 578 1157 in
593 1099 755 1176 periculum
772 1110 863 1172 tenet,
880 1103 955 1163 adeo
968 1105 1084 1165 solutus
1099 1115 1182 1165 metu
1200 1111 1237 1164 ut

328 1195 427 1256 omnis
449 1194 530 1254 illins
558 1193 627 1253 mali
656 1206 764 1270 motus,
786 1200 882 1258 omnis
907 1201 1023 1278 figuras,
1051 1212 1086 1262 ut
1109 1203 1235 1281 depren-

327 1290 416 1352 derat
430 1291 532 1364 oculis,
548 1291 677 1352 dictaret
691 1304 896 1371 enotaretque.

284 1407 315 1445 ro
369 1390 435 1451 Iam
450 1391 578 1451 narribus
591 1391 666 1452 cinis
676 1391 834 1464 incidebat,
848 1413 907 1469 quo
918 1395 1040 1472 propius
1050 1396 1233 1469 accederent,
1249 1401 1280 1456 ll

327 1489 453 1550 calidior
478 1497 509 1549 et
533 1489 661 1561 densior,
685 1490 743 1548 iam
767 1490 899 1566 pumices
924 1492 1014 1551 ctiam
1039 1494 1176 1572 nigrique
1204 1502 1237 1554 et

327 1588 459 1648 ambusti
485 1595 516 1646 et
540 1587 626 1646 fracti
651 1587 720 1665 igne
746 1586 867 1664 lapides.
890 1588 949 1646 iam
968 1589 1079 1649 uadum
1100 1592 1234 1651 subitum

327 1687 476 1762 ruinaque
491 1686 602 1744 montis
621 1685 710 1745 litora
731 1684 890 1744 obstantia.
934 1695 1091 1746 cunctatus
1111 1689 1233 1766 paulum

325 1805 366 1844 an
394 1797 478 1843 retro
505 1785 648 1851 flecteret,
679 1803 750 1842 mox
778 1783 972 1861 gubernatori
999 1792 1035 1843 ut
1059 1786 1101 1844 ita
1124 1785 1236 1846 faceret

280 1904 291 1939 ι
296 1900 312 1953 5
326 1882 463 1942 monenti
476 1880 601 1941 ‘fortes’
615 1881 715 1958 inquit
727 1888 734 1913 ⁴
744 1881 865 1940 fort-una
876 1881 977 1940 iuuat:
997 1881 1232 1961 Pomponianum

325 1982 415 2057 pete!
465 1977 578 2038 Stabiis
605 1987 678 2051 erat,
707 1978 876 2056 diremptus
911 1979 978 2037 sinu
1006 1980 1123 2055 medio,
1164 2003 1234 2042 nam
1248 1991 1281 2048 12

326 2076 439 2138 sensim
459 2076 644 2136 circumactis
666 2076 857 2154 curuatisque
878 2075 1015 2136 litoribus
1036 2099 1116 2139 mare
1138 2080 1235 2140 infun·

325 2176 420 2235 ditur.
468 2173 518 2247 ibi,
547 2193 719 2252 quanquam
748 2173 881 2233 nondum
916 2174 1048 2252 periculo
1075 2176 1234 2254 adpropin-

326 2280 450 2352 quante,
466 2272 626 2349 conspicuo
646 2281 756 2343 umen,
776 2284 807 2332 et
827 2291 894 2332 eum
917 2284 1068 2344 cresceret,
1086 2275 1233 2352 proxime,

280 2390 314 2426 20
326 2372 459 2431 sarcinas
469 2369 639 2430 contulerat
653 2371 683 2430 in
699 2390 797 2443 naues,
811 2382 909 2429 certus
924 2371 1018 2447 lirgac,
1031 2371 1055 2429 si
1068 2372 1234 2430 contrarius

327 2482 439 2530 uentus
463 2468 631 2529 resedisset.
673 2488 734 2545 quo
757 2480 828 2527 tunc
848 2468 1014 2527 aurmculus
1034 2489 1118 2528 meus
1132 2488 1233 2528 sccun-

326 2568 452 2628 dissime
463 2568 602 2627 inuectus
611 2567 820 2645 complectitur
833 2566 1042 2643 trepidantem,
1054 2567 1232 2639 consolatur,

327 2667 477 2733 hortatur,
495 2676 591 2743 utque
615 2665 754 2725 timorem
780 2665 845 2724 eius
867 2683 920 2722 sua
938 2665 1096 2724 securitate
1116 2664 1232 2735 leniret,

326 2763 436 2823 deferri
459 2764 490 2823 in
511 2763 662 2823 balineum
685 2763 776 2823 iubet.
821 2762 900 2821 lotus
922 2762 1052 2832 accubat,
1072 2773 1159 2822 cenat
1180 2773 1234 2822 aut

281 2880 312 2932 25
328 2863 432 2922 hilaris
446 2874 507 2931 aut,
525 2862 605 2939 qued
621 2882 714 2939 aeque
729 2882 880 2939 nragmnn,
898 2860 1001 2919 similis
1018 2860 1109 2919 bilari.

331 3056 341 3101 l
365 3053 517 3101 discrimine
534 3066 551 3100 a
569 3055 713 3100 l'etanerna
754 3060 769 3100 4
792 3054 906 3100 mutinae
924 3056 990 3107 Mea,
1011 3067 1058 3098 orn.
1081 3051 1104 3097 r'n
1124 3050 1200 3098 blank
1216 3065 1233 3099 u

328 3139 343 3181 8
360 3134 534 3199 deprenderat
545 3139 589 3183 Mu
601 3134 805 3198 deprelmnderat
821 3134 871 3183 οἱα
909 3136 936 3181 an
951 3134 1100 3181 accederent
1116 3146 1133 3181 a
1144 3148 1232 3181 accen·

328 3216 459 3266 ‹lerentu
470 3217 607 3266 acceleret
620 3230 654 3266 ou
687 3218 718 3265 24
735 3215 831 3265 ‹leferri
849 3233 875 3263 se
894 3216 919 3263 in
938 3217 1068 3265 larlineum
1087 3214 1128 3272 fa,
1143 3230 1192 3263 ont.
1206 3229 1233 3263 se

332 3299 385 3347 rdl.
406 3306 484 3348 cenat
503 3305 551 3347 ant
572 3297 662 3347 hilaris
682 3302 801 3346 necarat
823 3309 903 3361 atqne
924 3298 1014 3345 bilaris
1034 3311 1085 3345 oua
1104 3301 1233 3360 certatque

330 3380 420 3431 hilaris
439 3380 582 3429 Sirlmrdua
620 3381 653 3429 ‘25
675 3379 745 3444 «paul
768 3397 849 3443 ampu-
873 3396 994 3443 nmgnnrn
1019 3384 1079 3427 Meu
1098 3378 1168 3442 (pared
1191 3382 1234 3428 est

329 3478 411 3529 teqm
421 3480 546 3529 maguum
557 3477 575 3513 ι
585 3462 656 3528 quod
667 3479 749 3527 aeque
763 3478 883 3526 rriargnunr
896 3470 936 3511 est
949 3462 967 3511 fi
