2950 4175
287 365 338 420 51.
356 364 430 426 (vu
440 364 484 424 eo)
534 364 735 416 umsrvms
753 364 942 416 sannorum.
1138 333 1191 419 '101

285 509 422 571 soluendi
437 518 573 588 tempora
591 511 751 588 supersint.
795 511 827 568 in
848 508 894 568 his
916 528 998 567 eram
1021 510 1107 581 euris,
1124 529 1192 569 oum
1205 510 1237 567 11

284 608 442 666 scriberem
467 607 504 665 ad
531 615 561 666 te
573 630 583 681 3
613 627 687 683 quas
710 608 734 665 si
760 606 834 666 deus
857 607 967 684 aliquis
992 606 1024 664 in
1047 604 1192 684 gandium

284 704 418 776 uerterit,
431 703 470 764 de
484 715 566 764 metu
582 724 642 762 non
656 723 773 782 querar.
818 704 893 764 uale.

567 936 641 997 ⁸51.
675 944 748 1003 (vn.
764 945 818 1006 eo.)

253 1063 268 1114 s
291 1090 294 1095 -
498 1058 525 1108 e.
547 1058 694 1108 Purruvs
711 1059 842 1110 rnorro
860 1059 928 1110 svo
946 1060 971 1110 s.

322 1173 446 1233 Librum
477 1187 563 1232 tuum
589 1173 647 1253 legi
676 1183 707 1232 et
732 1193 823 1252 quam
848 1175 1079 1252 diligentissime
1104 1172 1189 1252 potui
1220 1177 1235 1232 1

280 1270 423 1331 adnotaui
435 1289 511 1348 quae
523 1271 745 1342 commutanda,
757 1291 834 1348 quae
845 1272 1007 1340 ,eximenda
1017 1272 1188 1331 arbitrarer.

281 1390 349 1429 nam
364 1378 396 1429 et
410 1389 465 1447 ego
481 1389 586 1428 uerum
598 1369 697 1429 dicere
707 1368 833 1429 adsueui
845 1353 877 1428 et
888 1378 923 1428 tu
934 1370 1065 1430 libenter
1075 1369 1187 1429 audire.

282 1467 471 1545 nequeenim
486 1466 539 1526 ulli
561 1467 724 1544 patientius
746 1466 1010 1546 reprehenduntur
1030 1487 1120 1546 quam
1138 1467 1189 1545 qui

237 1580 267 1617 10
280 1565 409 1624 maxime
424 1562 539 1623 laudari
555 1573 716 1624 merentur.

321 1662 409 1722 Nunc
428 1683 446 1720 a
465 1670 495 1720 te
517 1661 627 1721 librum
648 1683 749 1722 meum
770 1682 838 1722 eum
859 1662 1107 1722 adnotationibus
1129 1663 1189 1722 tuis
1219 1667 1235 1723 2

279 1768 427 1838 exspecto.
478 1759 672 1834 oiueundas,
696 1781 714 1820 o
740 1760 880 1839 pulchras
901 1761 999 1820 uices!
1030 1780 1119 1838 quam
1141 1780 1189 1820 me

278 1857 409 1918 delectet
419 1856 508 1936 quod,
521 1858 617 1936 siqua
629 1859 757 1937 posteris
772 1878 843 1918 eura
855 1859 959 1930 nostri,
973 1877 1189 1937 usquequaque

280 1955 449 2015 narrabitur
463 1975 523 2034 qua
537 1955 703 2028 concordia,
718 1954 920 2035 simplicitate,
934 1954 993 2016 fido
1008 1956 1187 2016 uixerimus!

236 2068 263 2121 ις
278 2052 337 2114 erit
350 2072 451 2113 rarum
472 2063 503 2113 et
521 2053 639 2133 insigne
659 2053 735 2114 duos
756 2052 893 2115 homines
914 2061 1022 2129 aetate,
1039 2053 1189 2135 dignitate
1217 2057 1233 2115 3

278 2152 494 2231 propemodum
507 2152 656 2230 aequales,
674 2172 734 2211 non
755 2152 867 2211 nullius
885 2153 916 2211 in
933 2152 1044 2213 litteris
1059 2154 1188 2214 nominis

278 2251 380 2329 (cogor
394 2249 474 2308 enim
487 2248 526 2308 de
541 2257 571 2308 te
589 2269 709 2327 quoque
729 2249 848 2327 parcius
867 2249 974 2322 dicere,
992 2252 1064 2330 quia
1082 2250 1121 2311 de
1140 2271 1188 2311 me

277 2346 365 2406 simul
379 2347 469 2423 dieo),
484 2346 613 2406 alterum
628 2346 753 2407 alterius
769 2347 870 2406 studia
884 2348 1004 2409 fouisse.
1048 2349 1188 2429 equidem
1216 2350 1234 2406 4

277 2442 528 2516 adulescentulus,
550 2465 618 2504 oum
642 2445 701 2504 iam
723 2452 759 2505 tu
780 2444 860 2504 fama
880 2446 1036 2525 gloriaque
1057 2448 1185 2519 floreres,

231 2563 264 2601 20
277 2553 307 2603 te
322 2544 415 2621 sequi,
432 2542 487 2601 tibi
505 2542 611 2621 ‘longo
633 2542 686 2604 sed
707 2542 864 2623 proximus
884 2543 1063 2605 interuallo'
1077 2553 1109 2605 et
1123 2566 1187 2605 esse

276 2650 309 2701 et
326 2641 430 2701 haberi
449 2641 701 2719 concupiscebam.
746 2650 777 2701 et
798 2649 885 2701 erant
906 2642 1003 2702 multa
1024 2642 1188 2704 clarissima

277 2739 397 2819 ingenia
407 2762 415 2813 ;
436 2738 487 2798 sed
503 2746 539 2798 tu
557 2739 630 2798 mihi
652 2739 707 2816 (ita
724 2739 892 2799 similitudo
912 2750 1038 2800 naturae
1057 2741 1188 2818 ferebat)

277 2838 406 2897 maxime
422 2836 583 2909 imitabilis,
601 2838 730 2897 maxime
746 2838 911 2898 imitandus
927 2839 1086 2899 uidebaris
1126 2859 1188 2917 quo
1216 2838 1233 2894 5

277 2937 370 3015 magis
395 2935 512 3016 gaudeo
537 2937 626 3013 quod,
654 2937 677 2995 si
704 2938 771 3015 quis
796 2937 834 2997 do
859 2938 969 2997 studiis
994 2958 1101 3008 senno,
1127 2958 1188 2997 una

232 3052 262 3104 25
277 3034 474 3106 nominamur,
497 3033 577 3111 quod
599 3034 637 3093 de
660 3044 690 3093 te
711 3034 905 3113 loquentibus
927 3036 1031 3094 statim
1054 3055 1184 3095 occurro.

277 3153 331 3193 nee
354 3133 468 3193 dosunt
488 3132 539 3211 qui
564 3133 685 3211 utrique
711 3143 848 3193 nostnrm
869 3133 1085 3212 praeferantur.
1133 3134 1185 3194 sed
1215 3128 1233 3186 6

277 3251 339 3301 nos,
357 3230 430 3291 nihil
446 3230 572 3290 interest
586 3250 652 3291 mea
666 3251 727 3308 quo
742 3230 815 3301 loeo,
832 3231 987 3311 iungimur
996 3255 1005 3307 3
1027 3253 1095 3292 nam
1111 3232 1185 3292 milri

310 3371 347 3412 ⁸1
365 3365 396 3415 a:
416 3380 474 3412 narn
488 3364 550 3411 milri
566 3364 666 3427 primus
677 3364 722 3427 qui
738 3381 754 3411 a
771 3370 798 3412 to
813 3378 830 3413 ι
846 3380 906 3412 nam
923 3364 988 3413 mihi
1005 3366 1107 3429 primus
1123 3366 1183 3424 (orn.

275 3448 321 3511 qui
333 3465 349 3495 a
361 3452 398 3505 te)
409 3450 435 3494 Ι
447 3461 507 3494 num
519 3446 546 3495 iu
557 3445 607 3494 hoe
618 3446 719 3510 primus
730 3445 793 3510 quia
805 3451 832 3494 te
843 3458 879 3495 ou
