2950 4175
375 382 429 439 47.
447 380 522 441 (VII.
531 384 557 440 4)
621 381 819 434 EPISTVLAE
840 384 1029 436 SELECTAE

416 546 485 585 eum
500 524 590 584 libros
605 524 685 584 Galli
700 517 836 606 legerem,
853 531 962 607 quibus
976 530 1027 590 ille
1041 529 1160 608 parenti

415 643 506 684 ausus
519 623 557 682 de
572 621 713 682 Cicerone
726 623 798 685 dare
813 637 859 686 est
873 629 1061 707 palmamque
1075 628 1234 702 decusque,

415 721 561 781 lasciuum
575 721 675 777 inueni
691 720 788 780 lusum
804 722 955 785 Ciceronis
969 735 1000 786 et
1013 725 1065 785 illo

415 817 612 896 spectandum
625 817 745 895 ingenio
759 839 817 896 quo
832 823 908 881 seria
921 824 1057 884 condidit
1071 832 1102 883 et
1116 842 1177 900 quo

415 916 553 976 humanis
567 914 677 973 salibus
692 914 787 974 multo
801 918 943 996 uarioque
957 921 1057 1000 lepore

415 1031 591 1092 magnorum
605 1011 738 1070 ostendit
753 1023 866 1072 mentes
880 1016 1011 1092 gaudere
1025 1018 1169 1077 uirorum.
1268 1034 1286 1069 t·

415 1132 484 1170 nam
499 1109 635 1187 queritur
649 1108 728 1186 quod
744 1109 847 1168 fraude
861 1111 939 1170 mala
952 1112 1114 1173 frustratus
1125 1119 1275 1172 amantem

415 1207 542 1288 paucula
556 1216 661 1268 cenato
675 1207 729 1264 sibi
746 1207 847 1266 debita
861 1209 943 1267 sauia
957 1209 1028 1269 Tiro

415 1316 549 1385 tempore
564 1315 709 1364 nocturno
724 1305 914 1364 subtraxerit.
957 1304 1005 1364 his
1018 1326 1074 1386 ego
1089 1308 1182 1380 lectis,

330 1420 362 1458 ro
417 1412 486 1463 ‘cur
499 1411 568 1482 post
581 1403 669 1462 haec’
683 1403 803 1479 inquam
821 1409 954 1462 ‘nostros
967 1402 1098 1464 celamus
1111 1424 1236 1477 amores,

415 1502 589 1580 nullumque
603 1502 632 1561 in
649 1500 779 1559 rnediunr
795 1500 890 1559 tirnidi
906 1500 1018 1572 damus,
1029 1513 1121 1580 atque
1132 1503 1263 1564 fatemur

414 1601 591 1677 Tironisque
605 1598 696 1670 dolos,
713 1597 831 1657 Tironis
846 1617 930 1658 nosse
944 1597 1064 1677 fugaces

414 1698 575 1761 blanditias
589 1709 620 1757 et
634 1696 713 1755 furta
728 1715 820 1755 nouas
833 1695 976 1755 addentia
989 1696 1125 1756 flammas
1137 1696 1167 1756 'l’

373 1832 479 1918 transii
502 1831 542 1890 ad
567 1829 684 1909 elegos;
715 1830 768 1888 hos
792 1848 910 1906 quoque
935 1849 995 1888 non
1018 1830 1117 1888 rninus
1138 1828 1276 1890 celeriter
1304 1844 1305 1855 ¹

331 1947 359 1999 15
374 1931 520 2012 explicui:
541 1928 643 1989 addidi
657 1929 738 2001 alios,
756 1927 896 1987 facilitate
910 1937 1075 2005 corruptus.
1119 1927 1229 1988 deinde
1244 1928 1275 1988 in

374 2031 477 2091 urbem
499 2046 643 2096 reuersus,
666 2025 816 2084 sodalibus
838 2024 917 2105 legi.⁴
947 2025 1160 2104 probauerunt.
1204 2025 1276 2086 iude

374 2128 460 2207 plura
474 2137 576 2198 metra,
593 2125 617 2183 si
639 2124 711 2201 quid
726 2125 787 2186 otii.
805 2124 933 2182 inaximo
948 2124 978 2181 in
994 2124 1101 2183 itincre
1116 2126 1274 2202 temptaui.

373 2235 524 2306 postremo
546 2222 659 2302 placuit
676 2221 812 2299 cxcnrplo
827 2220 989 2280 multorum
1005 2240 1099 2281 unum
1114 2224 1276 2301 separatim

373 2320 688 2400 hendecasyllaborum
711 2320 849 2378 uolurncn
871 2318 1032 2391 absoluere,
1055 2341 1108 2379 ncc
1131 2321 1273 2399 paenitet.

328 2441 361 2477 20
373 2422 492 2502 legitur,
507 2420 692 2490 describitur,
710 2432 848 2477 cantatur
869 2419 966 2490 ctiam,
984 2430 1015 2477 et
1036 2420 1191 2479 aGraccis
1205 2440 1277 2497 quo·

372 2540 439 2598 que,
469 2538 543 2597 quos
571 2517 677 2577 Latine
706 2518 794 2577 huius
823 2515 913 2575 libelli
942 2536 1027 2577 arnor
1053 2517 1165 2591 docuit,
1197 2538 1276 2578 nunc

373 2618 487 2678 eithara
502 2635 580 2676 nune
595 2616 660 2694 lyra
675 2628 857 2695 personatur.

413 2713 473 2774 Sed
500 2712 572 2791 quid
601 2734 655 2792 ego
683 2726 746 2772 tarn
772 2712 922 2792 gloriose?
970 2731 1142 2791 quanquam
1178 2712 1305 2790 poetisl

373 2814 470 2872 surore
491 2832 660 2871 concessum
683 2827 748 2871 cst:
770 2825 800 2871 ct
822 2824 920 2868 tamen
944 2830 1002 2869 non
1024 2809 1062 2868 dc
1078 2831 1144 2868 urco
1163 2808 1215 2867 scd
1237 2809 1276 2869 de

328 2925 360 2977 25
373 2910 498 2970 alioruin
517 2909 625 2969 iudicio
643 2909 755 2986 loquor.
775 2910 833 2987 qui.
853 2909 915 2967 siue
936 2907 1069 2967 iudicant
1084 2909 1148 2966 siue
1163 2918 1273 2978 errant,

374 3030 420 3067 rue
441 3007 599 3067 delectant.
643 3028 734 3066 runnu
759 3028 867 3084 precor.
889 3019 923 3064 ut
946 3007 1056 3083 laeteri
1080 3025 1201 3084 quoque
1222 3015 1276 3063 aut

373 3120 473 3166 errent
488 3106 625 3166 similiter
638 3123 688 3166 aut
707 3106 845 3164 iudicent.
891 3103 964 3164 uale.

372 3304 390 3352 ·2
402 3319 481 3352 ausus
492 3302 524 3351 dc
533 3303 657 3352 Cicerone
669 3301 731 3350 darc
742 3312 780 3350 cst
793 3301 927 3350 Caaonbon
935 3317 1014 3349 atinus
1025 3300 1058 3349 de
1070 3303 1189 3349 cicerone
1198 3300 1275 3348 daret

373 3399 407 3435 ou
420 3403 499 3434 ausus
513 3386 547 3433 de
561 3386 685 3433 (Ticer-orn·
700 3385 762 3432 daro·
778 3398 793 3431 α
810 3400 897 3431 rursus
912 3384 945 3430 dc
961 3384 1079 3431 cicerone
1093 3382 1170 3431 daret
1184 3387 1209 3431 u
1247 3385 1275 3431 15

373 3468 439 3515 ullus
449 3467 510 3516 Μὴ
522 3467 589 3515 allos
601 3480 635 3515 ou
648 3467 745 3513 lartum
760 3466 897 3515 ,liturnum
