2950 4175
286 409 320 460 60
482 406 512 460 0.
532 406 634 458 PLINI
651 407 797 459 currem
814 406 969 459 SECVNDI
1003 405 1053 460 28.
1072 404 1133 466 (ΙΙΙ.
1146 405 1186 463 16)

240 555 274 612 10
286 554 421 613 subitum
436 553 536 612 luisse.
578 552 652 631 quin
666 554 765 625 etiam,
778 572 846 613 cum
860 553 996 624 Thrasea,
1009 572 1099 632 gener
1113 550 1185 621 eius,

286 651 499 730 deprecaretur
515 668 553 708 ne
571 649 647 708 mori
670 659 815 729 pergeret,
831 650 967 728 interque
986 649 1044 708 alia
1062 648 1188 708 dixisset

288 749 351 807 ‘uis
366 766 438 826 ergo
452 745 544 805 filiam
559 753 651 818 tuam,
667 746 692 805 si
706 747 780 805 mihi
795 748 978 826 pereundum
997 747 1095 818 fucrit,
1111 745 1186 805 mori

286 842 440 904 mecuml'
462 841 618 921 respoudit
644 843 694 902 ‘si'
708 853 770 902 tam
792 844 845 903 diu
867 854 1010 923 tantaque
1031 843 1188 904 eoncordia

241 950 271 1006 ll
286 943 400 1002 uixerit
419 949 519 1000 tecum
538 960 629 1018 quam
647 960 703 1020 ego
723 961 791 1001 cum
811 943 911 1015 Paeto,
932 943 1017 1003 u010.'
1061 950 1187 1001 auxerat
1218 955 1231 1009 5

287 1040 344 1099 hoc
357 1056 501 1116 responso
514 1057 617 1097 curam
635 1057 766 1112 suorum,
782 1041 928 1101 attentius
946 1041 1186 1102 custodiebatur:
1272 1039 1275 1044 ’

287 1137 382 1196 sensit
400 1142 432 1194 et
447 1133 539 1193 ‘nihil
557 1134 648 1215 agitis
659 1136 666 1160 '
679 1134 795 1214 inquit:
819 1140 959 1216 ‘potestis
977 1139 1054 1198 enirn
1074 1138 1187 1198 efficere

242 1239 274 1295 12
288 1243 323 1292 ut
341 1231 419 1290 male
441 1231 560 1303 moriar,
581 1240 617 1291 ut
635 1252 695 1292 non
713 1233 824 1292 moriar
841 1254 901 1294 non
923 1234 1065 1314 potestis!
1113 1234 1187 1294 dum

287 1329 458 1402 haecdicit,
474 1328 598 1389 exsiluit
614 1330 757 1390 cathedra
770 1331 954 1409 aduersoque
973 1331 1078 1410 parieti
1096 1339 1187 1410 caput

288 1426 405 1507 ingenti
419 1426 535 1505 impetu
548 1425 676 1507 impegit
689 1435 721 1487 et
733 1428 854 1488 corruit.
890 1429 1008 1488 focilata
1021 1428 1187 1489 ‘dixeram'
1203 1443 1233 1478 10

287 1525 388 1603 inquit
405 1523 508 1583 ‘uobis
532 1523 725 1584 inuenturum
753 1545 800 1584 me
828 1526 991 1604 quamlibet
1017 1526 1123 1585 duram
1147 1524 1186 1585 ad

287 1633 415 1682 mortem
431 1622 520 1693 uiam,
535 1621 561 1681 si
576 1640 630 1681 uos
644 1621 760 1682 facilem
774 1623 955 1703 negassetis.'

166 1719 194 1785 'l
242 1719 275 1777 13
329 1719 521 1778 Videnturne
535 1718 608 1778 haec
622 1719 678 1778 tibi
692 1719 806 1778 maiora
819 1719 870 1778 illo
886 1720 1000 1790 ‘Paete
1014 1740 1073 1779 nen
1086 1718 1188 1791 dolet'

287 1817 326 1876 ad
341 1815 423 1895 qued
442 1836 496 1895 per
509 1815 582 1876 haec
596 1826 775 1895 peruentum
789 1818 854 1876 estl
893 1837 960 1876 cum
974 1817 1094 1878 interim
1112 1815 1186 1875 illud

288 1914 410 1992 quidem
434 1913 541 1994 ingens
569 1912 656 1985 fama,
679 1914 752 1974 haec
776 1913 859 1973 nulla
880 1915 1056 1974 circumfert.
1107 1898 1187 1973 unde
1204 1931 1232 1984 ¹5

287 2011 441 2093 colligitur
451 2009 532 2091 quod
542 2010 631 2070 initio
641 2010 713 2084 dixi,
725 2011 784 2071 alia
794 2031 856 2071 esse
866 2011 989 2071 clariora
999 2011 1056 2071 alia
1066 1997 1185 2072 maiora.
1290 2013 1299 2024 “

288 2111 364 2171 uale.

606 2422 686 2492 ⁹29.
720 2435 849 2497 (11121.)

409 2553 439 2605 c.
459 2551 608 2604 rmruvs
624 2550 807 2604 conruuno
824 2551 947 2602 rursco
964 2552 1072 2604 sves

260 2675 274 2733 l
330 2668 432 2728 Audio
456 2666 611 2728 Valerium
637 2667 807 2727 Martialem
831 2667 988 2728 decessisse
1010 2681 1041 2729 et
1064 2668 1187 2730 moleste
1201 2694 1233 2730 20

289 2766 361 2826 fere.
414 2772 481 2824 erat
508 2764 598 2824 homo
625 2764 805 2844 ingeniosus,
834 2774 946 2836 acutus,
975 2785 1048 2837 acer,
1077 2776 1108 2825 et
1134 2766 1186 2844 qui

289 2865 452 2943 plurimum
473 2863 504 2922 in
528 2863 684 2923 scribendo
700 2874 732 2923 et
746 2863 814 2923 salis
836 2864 958 2924 haberet
978 2878 1009 2925 et
1028 2864 1113 2935 fellis,
1133 2885 1187 2925 nec

259 2966 276 3022 2
289 2962 426 3021 candoris
438 2962 545 3020 minus.
589 2974 763 3040 prosecutus
774 2981 853 3020 rrum
865 2962 973 3021 uiatico
983 2962 1167 3023 secedentem
1179 2986 1185 3021 :

288 3059 431 3118 dederam
447 3059 502 3118 hoc
515 3058 673 3123 amicitiae.
688 3059 828 3117 ‹le-‹lcram
844 3060 933 3118 ctiam
949 3060 1098 3119 uersiculis
1112 3080 1187 3138 quos

288 3239 305 3287 8
323 3242 416 3286 utnon
429 3236 526 3285 moriar
537 3239 620 3285 livori
635 3252 668 3284 nc
684 3237 780 3285 morinr
795 3241 849 3285 Bra
884 3238 912 3285 14
930 3254 976 3301 per
989 3237 1058 3302 quod
1074 3237 1107 3287 nd
1124 3238 1187 3287 haec

291 3321 433 3369 Monmuen

323 3408 364 3451 20
385 3405 414 3450 19
430 3400 572 3451 Conxsmo
585 3399 684 3449 Perseo
694 3405 712 3449 r
724 3400 791 3457 (toth
802 3408 852 3448 text
864 3402 918 3450 arnt
931 3402 1062 3451 mmdmcd
1073 3403 1186 3466 marein)

288 3498 324 3537 ou
335 3485 401 3545 (ared
413 3488 431 3531 B
443 3484 468 3531 in
482 3483 569 3541 iudex)
583 3482 681 3530 Prusco
692 3486 711 3530 B
723 3482 758 3538 (iu
772 3486 832 3539 text)
845 3486 909 3531 HV!
