2950 4175
352 418 368 469 6
558 412 587 465 0.
608 410 707 465 rum
725 410 869 463 comm
885 410 1042 463 suevum
1131 412 1163 469 4.
1180 412 1214 475 (L
1225 412 1254 475 t)

354 561 462 623 ‘immo
475 579 531 641 ego
543 558 583 621 ad
596 558 646 619 tu’
697 557 812 617 coimus
831 556 863 617 in
883 556 1031 637 porticum
1050 556 1163 634 Liuias,
1183 578 1252 621 eum

352 658 479 719 altered
494 657 623 717 altenrm
643 654 843 714 tenderemus.
895 654 1021 733 exponit
1041 654 1149 735 Reguli
1170 676 1253 717 man·

352 757 431 825 (leta
453 753 540 815 addit
559 772 660 833 preces
681 772 758 824 suas,
781 758 817 811 ut
836 750 962 811 decebat
980 752 1130 831 optimum
1150 754 1252 815 uirum

307 875 339 930 10
352 874 406 934 pro
420 851 625 922 dissimillimo,
641 869 736 929 perce.
790 848 837 909 cui
852 868 908 929 ego
929 848 1085 929 ‘dispicies
1098 848 1163 930 ipse
1176 851 1250 930 quid

352 949 586 1011 renuntiandum
614 946 730 1027 Regulo
758 954 863 1026 putes:
897 955 929 1006 te
956 946 1053 1026 decipi
1076 966 1096 1007 a
1117 967 1165 1009 me
1189 968 1276 1021 nens

240 1077 243 1085 ·
351 1055 478 1129 oportet.
529 1053 669 1125 exspecto
693 1043 879 1111 Mauricum'
905 1043 1052 1121 (nondum
1077 1044 1117 1105 ab
1144 1046 1252 1107 exsilio

352 1146 489 1221 uenerat)
501 1167 506 1203 :
530 1143 613 1203 'ideo
627 1143 701 1202 nihil
715 1141 892 1201 alterutram
902 1141 934 1200 in
943 1148 1060 1221 partem
1069 1140 1251 1220 respondem

351 1242 407 1302 tibi
422 1261 550 1322 possum,
565 1239 699 1300 fauturus
719 1236 867 1317 quidquid
887 1236 937 1298 ille
957 1236 1143 1299 decreuerit:
1163 1238 1251 1299 illum

351 1326 430 1396 enim
445 1353 508 1394 esse
522 1333 611 1393 huius
624 1331 738 1393 consilii
753 1330 868 1404 ducem,
883 1350 931 1391 me
944 1330 1083 1391 comitem
1095 1330 1204 1393 deeet’

283 1426 343 1498 '11'
391 1431 505 1491 Paucos
532 1438 601 1510 post
626 1428 691 1489 dies
718 1430 781 1509 ipse
808 1447 856 1488 me
889 1426 1023 1507 Regulus
1048 1428 1192 1489 conuenit
1219 1428 1250 1488 in
1266 1449 1296 1487 ro

350 1528 497 1609 praetoris
510 1527 621 1589 officio:
642 1527 713 1587 illuc
727 1533 900 1606 persecutus
920 1533 1067 1585 secretum
1088 1525 1185 1605 petit:
1205 1525 1251 1587 uit

350 1626 456 1686 timere
478 1646 509 1686 se
534 1645 571 1685 ne
593 1624 692 1684 animo
714 1643 781 1683 meo
805 1622 925 1701 penitus
948 1622 1085 1683 haereret
1111 1620 1192 1701 quod
1218 1621 1250 1682 in

350 1722 558 1784 centumuirali
593 1723 702 1783 iudicio
736 1721 898 1800 aliquando
934 1721 1069 1795 dixisset,
1103 1742 1175 1782 oum
1207 1743 1251 1784 re

350 1821 512 1902 sponderet
532 1821 604 1880 mihi
630 1830 662 1880 et
683 1819 783 1880 Satrio
805 1819 893 1892 Rulo,
919 1818 1052 1880 ‘Satrius
1071 1818 1178 1893 Rufus,
1200 1821 1250 1881 eui

244 1988 247 2005 Ι
350 1938 410 1979 non
424 1928 551 1979 osteum
566 1916 708 1979 Cicerone
726 1915 896 1990 aemulatio,
918 1917 1015 1996 etqui
1029 1924 1188 1978 contentus
1202 1927 1251 1978 est
1266 1932 1295 1987 15

240 2014 251 2063 ‘²
305 2020 336 2075 12
350 2016 520 2096 eloquentia
534 2014 642 2075 saeculi
658 2014 772 2074 nostri!
826 2013 965 2096 respondi
979 2033 1059 2074 nuno
1072 2033 1120 2074 me
1133 2012 1251 2075 intelle

251 2105 253 2110 ’
348 2134 419 2196 gore
433 2114 562 2195 maligne
576 2113 698 2185 dictum,
714 2113 786 2191 quia
800 2113 862 2192 ipse
882 2111 1095 2186 eonfiteretur;
1114 2120 1250 2173 ueterum

349 2212 481 2293 potuisse
495 2211 689 2272 honorificum
703 2210 877 2270 existimari.
934 2217 1000 2270 ‘est
1012 2210 1092 2271 enim
1103 2209 1111 2235 '
1124 2210 1249 2288 inquam

236 2372 241 2384 ,
351 2309 440 2370 ‘mihi
464 2329 532 2369 cum
554 2307 695 2369 Cicerone
719 2306 888 2380 aemulatio,
913 2326 967 2367 neo
994 2327 1060 2367 sum
1086 2315 1249 2368 contentus

189 2415 193 2422 '
237 2397 283 2469 ’κ
304 2408 336 2465 13
349 2407 520 2486 eloquentia
529 2406 636 2466 saeculi
652 2406 755 2464 nostn‘.
799 2426 867 2465 nam
881 2404 1089 2465 stultissimum
1104 2403 1194 2465 credo
1207 2404 1248 2465 ad
1262 2420 1295 2456 20

187 2474 229 2597 li
348 2504 527 2565 imitandum
543 2523 601 2562 non
616 2503 730 2581 optima
743 2521 879 2580 quaeque
899 2521 1071 2582 proponere.
1126 2501 1180 2562 sed
1202 2510 1246 2575 tu,

348 2603 399 2682 qui
414 2602 503 2662 huius
517 2600 617 2660 iudicii
632 2599 803 2670 meministi,
813 2619 867 2659 cur
879 2598 960 2659 illius
969 2598 1081 2659 oblitus
1094 2619 1127 2660 es
1140 2599 1172 2659 in
1186 2619 1248 2678 quo

348 2721 395 2760 me
430 2697 620 2779 intenogasti
654 2695 727 2774 quid
762 2696 800 2756 de
842 2697 932 2757 Metti
967 2696 1098 2758 Modesti
1133 2698 1247 2776 pietate

348 2797 488 2858 sentirem
497 2795 518 2855 ‘l’
567 2794 713 2874 expalluit
748 2793 928 2865 notabiliter,
964 2794 1100 2872 quamuis
1134 2794 1248 2874 polleat

348 2915 471 2974 semper,
495 2905 527 2954 et
551 2892 784 2953 haesimbundus
811 2892 1019 2972 ‘interrogaui
1043 2912 1103 2951 non
1132 2901 1167 2952 ut
1190 2892 1246 2951 tibi
1261 2905 1291 2956 ²5

348 3013 492 3063 nocerem,
522 2991 572 3051 sod
602 3003 636 3050 nt
666 2988 823 3048 Modesto?
874 2989 941 3049 uide
969 2989 1097 3050 hominis
1121 2989 1247 3050 crudeli·

348 3102 450 3156 tatem.
474 3091 524 3168 qui
550 3110 580 3148 so
601 3110 658 3148 non
676 3087 845 3147 dissimulet
862 3086 956 3147 exsuli
981 3107 1084 3148 nocere
1105 3087 1244 3148 uoluisse.

303 3195 334 3250 14
347 3189 503 3250 subiunxit
531 3187 679 3266 ogregiam
708 3205 846 3244 causum:
883 3183 1035 3264 ‘scripsit’
1062 3185 1161 3264 inquit
1196 3185 1245 3245 ‘iu

352 3338 358 3384 l
380 3336 509 3400 porticum
527 3337 615 3381 Brona
632 3330 732 3395 porticu
751 3333 798 3376 HV
835 3331 862 3378 lu
878 3331 1022 3379 existimari
1040 3333 1139 3379 nvom
1154 3332 1243 3380 existi-

348 3434 419 3468 mare
438 3422 475 3466 BF
493 3417 597 3480 inquam
618 3412 681 3462 milri
702 3415 791 3460 Brona
811 3411 875 3461 mihi
894 3414 999 3477 inquam
1017 3417 1064 3462 ΙΝ
1098 3414 1132 3463 ut
1147 3420 1177 3464 et
1193 3430 1242 3464 ona

347 3506 402 3551 Bra
