2950 4175
228 360 275 411 ιω
419 359 449 411 c.
468 360 568 411 runi
584 359 731 412 chacun
748 358 909 411 saevum
950 340 1130 429 loitres)

504 506 601 617 ksliu.
635 562 680 622 (Χ
699 565 733 614 96
750 563 826 626 [mi

361 697 391 748 c.
411 695 558 746 Pnrnrvs
575 696 739 748 'mimno
757 663 997 771 inpressoro.

197 807 212 862 l
265 811 416 871 Soliomne
430 820 477 870 eet
490 812 572 883 mihi,
588 812 717 886 domiue,
733 815 833 885 omnia
845 813 885 874 de
899 812 1010 892 quibus
1020 810 1131 873 dubito

224 908 263 968 ad
291 918 322 968 te
344 907 463 968 referre.
520 909 588 986 quis
615 911 695 968 enim
722 920 825 988 potest
851 909 958 971 melius
984 907 1034 969 uel
1061 928 1128 969 cun·

224 1005 387 1066 stationem
411 1025 509 1065 meam
533 1027 636 1085 rogero
664 1007 712 1066 uei
736 1008 938 1088 ignorantiam
961 1006 1132 1066 insumeret
1161 1023 1175 1077 5

224 1101 445 1183 cognitionibus
458 1103 498 1164 de
519 1103 698 1165 Christianis
721 1105 847 1165 interfui
866 1091 1040 1182 nimquam:
1061 1101 1132 1165 idco

226 1200 324 1260 nescio
338 1200 412 1278 quid
426 1211 459 1261 et
472 1214 622 1281 quatenus
635 1214 690 1262 aut
709 1202 810 1281 puniri
829 1201 928 1263 soleat
943 1210 1000 1277 aut
1016 1199 1130 1278 quaeri.

196 1295 279 1358 2nec
305 1297 496 1360 mediocriter
526 1301 673 1360 haesitaui
705 1301 785 1361 sitne
818 1298 942 1379 aliquod
966 1288 1130 1359 discrimen

210 1392 360 1456 ¹aetatum
386 1417 425 1457 an
453 1398 619 1476 quamlibet
646 1399 743 1459 teneri
767 1397 842 1459 nihil
866 1418 885 1457 a
903 1395 1131 1471 ‘robustioribus

225 1490 366 1553 differant
375 1516 384 1567 ς
403 1492 494 1554 detur
510 1496 711 1573 paenitentiae
731 1496 820 1555 uenia
837 1514 877 1555 an
893 1481 921 1560 ei
936 1493 990 1574 qui
1008 1494 1131 1555 omniuo
1147 1509 1177 1547 10

226 1588 415 1650 Christianus
440 1591 500 1651 fuit
523 1592 635 1652 desisse
660 1612 719 1651 uon
745 1592 859 1670 prosit;
888 1611 997 1652 nomen
1020 1591 1129 1671 ipsum,

227 1686 253 1746 si
282 1686 404 1767 flagitfis
438 1702 545 1760 carcat,
578 1710 616 1748 an
649 1690 763 1769 flagitia
794 1688 984 1758 cohaerentia
1016 1688 1131 1748 nomini

227 1785 401 1863 puniantur.
937 1847 940 1851 ,
1055 1849 1063 1868 ,.

266 1879 392 1941 interim
406 1883 438 1940 io
452 1881 488 1941 iis
502 1882 553 1960 qui
568 1882 606 1942 ad
622 1903 670 1942 me
685 1894 828 1961 tanquam
841 1882 1003 1944 Christiani
1017 1881 1130 1943 defere-
1174 1894 1178 1901 '

196 1971 337 2038 Shantm
350 1977 430 2040 huno
447 1999 514 2039 sum
533 1992 653 2040 secutus
666 1981 799 2041 modum.
851 1980 1035 2063 interrogaui
1050 1979 1131 2059 ipsos
1147 2000 1156 2037 ι
1162 1999 1176 2052 5

224 2097 264 2136 au
291 2085 392 2138 essent
420 2075 591 2138 Christiani.
644 2079 821 2140 confitentes
849 2077 960 2139 iterum
982 2092 1018 2139 ac
1038 2076 1130 2140 tertio

226 2179 419 2259 interrogaui,
442 2179 621 2259 supplicium
641 2182 790 2241 minatus:
814 2190 1039 2260 perseuerantes
1059 2178 1130 2241 duci

227 2275 306 2335 iussi.
363 2296 460 2355 neque
488 2278 566 2337 eninr
598 2278 783 2357 dubitabam,
813 2278 1020 2357 qualecunque
1049 2288 1130 2338 esset

226 2372 306 2451 quod
335 2372 509 2447 faterentur,
540 2376 732 2454 pertinaciam
762 2389 841 2437 certe
869 2389 901 2437 et
935 2373 1129 2435 inflexibilem

196 2469 458 2531 iobstinationom
485 2472 595 2533 debere
624 2474 731 2552 puniri.
789 2474 913 2535 fuerunt
940 2472 990 2534 alii
1024 2472 1129 2533 similis
1143 2487 1176 2525 ²0

225 2568 372 2628 amentiae
387 2589 469 2647 quos,
486 2571 557 2647 qnia
575 2572 654 2631 ciues
675 2572 803 2632 Romani
822 2582 916 2645 orant,
934 2570 1077 2631 adnotaui
1098 2570 1128 2629 in

227 2665 328 2725 urbem
344 2668 548 2727 remittendos.

267 2762 340 2823 Mox
369 2764 433 2843 ipso
457 2774 598 2837 tractatu,
627 2780 661 2826 ut
689 2768 752 2827 ficri
779 2768 862 2841 solet,
888 2766 1076 2828 diffundente
1097 2786 1129 2826 sc

196 2860 347 2921 herinririo
375 2863 475 2941 piures
510 2866 626 2943 specics
650 2866 827 2925 inciderunt.
884 2866 1055 2945 propositus
1082 2875 1129 2923 est

226 2957 342 3018 liholius
369 2960 433 3019 sine
462 2976 584 3021 auctore
613 2964 776 3023 inultorum
808 2963 929 3024 nomina
961 2962 1125 3023 continens.
1143 2978 1172 3030 25

224 3055 275 3133 qui
291 3058 441 3136 nogalunt
456 3080 518 3119 esse
535 3081 566 3120 so
581 3061 767 3121 Christianos
781 3073 834 3121 ant
849 3062 948 3133 fuisse,
964 3080 1030 3121 euin
1047 3080 1127 3139 prac-

259 3194 320 3237 10⁴
338 3192 354 3237 5
372 3190 501 3241 instrucre
516 3197 551 3242 Oa
566 3200 687 3242 extruere
699 3199 718 3241 Α
729 3201 852 3244 excutere
865 3194 936 3243 Ber..
970 3194 1000 3242 io
1015 3191 1128 3241 deturne

224 3282 241 3317 a
280 3272 304 3319 li
324 3272 408 3336 ipsum
421 3275 501 3321 etiarn
514 3276 564 3323 sia
601 3276 629 3323 12
650 3275 846 3324 ‹chaorontiao
861 3275 917 3323 Ber.
930 3274 1078 3323 cohaerenti
1091 3279 1128 3322 Aa

229 3355 256 3402 14
280 3354 303 3401 in
317 3371 365 3402 om.
387 3361 431 3405 Aa.
450 3356 511 3403 odd.
529 3356 600 3405 σαπῇ)
643 3360 670 3404 io
694 3358 864 3421 pertinaciam
883 3361 904 3406 Α
920 3355 1127 3421 peruicaoiorna

224 3435 255 3485 '20
273 3438 760 3501 neguutAaesacseAscosscaCut.

673 3546 676 3552 .
724 3534 790 3581 1:1',

1208 287 1305 553 l

1229 553 1251 627 r
