2950 4175
271 385 304 435 36
479 386 509 438 C.
530 386 632 438 PLINI
648 386 795 441 csucm
811 386 971 441 SfflVNDI
1011 388 1064 447 19.
1081 388 1176 451 (11.13)

242 537 259 593 8
271 540 418 591 amatura
433 552 480 592 me
495 532 658 611 plurimum
673 553 727 594 nee
742 543 844 596 tamen
858 534 997 596 uincitur.
1042 535 1177 615 equidem

272 630 389 689 iuuenis
415 629 519 688 statim
544 629 656 702 inueni,
683 640 831 707 quantum
854 633 940 712 potui
963 653 1018 711 per
1040 642 1176 707 aetatem,

271 726 443 787 auidissime
457 725 580 797 contuli,
596 736 628 786 et
642 746 739 805 nuper
751 728 790 787 ab
804 730 919 809 optimo
940 732 1075 813 principe
1089 732 1178 792 trium

272 825 433 884 liberorum
459 823 505 883 ius
527 824 696 902 impetraui.
740 825 822 902 quod
846 847 1019 906 quanquam
1041 848 1131 908 perse
1150 836 1179 889 et

271 941 339 981 eum
367 920 486 980 delectu
511 919 606 992 daret,
634 920 708 980 mihi
734 931 845 995 tamen,
872 932 1017 1002 tanquam
1046 925 1178 1007 eligeret
1205 938 1217 994 5

242 1027 259 1084 9
272 1017 406 1078 indulsit.
449 1017 523 1078 haee
537 1017 681 1079 beneficia
695 1038 763 1079 msa
776 1020 856 1080 tueri
870 1021 955 1083 nullo
968 1021 1060 1083 modo
1073 1024 1180 1085 melius

271 1135 361 1193 quam
376 1122 411 1173 ut
424 1134 551 1194 augeam
562 1135 692 1194 possum,
704 1118 881 1194 praesertim
895 1138 963 1178 eum
977 1118 1042 1197 ipss
1055 1118 1109 1179 illa
1118 1128 1180 1181 tem

270 1221 357 1292 grate
376 1212 594 1291 interpretetur
613 1221 656 1286 ut,
672 1212 746 1272 dum
763 1213 864 1291 priora
881 1215 998 1294 accipit,
1014 1217 1181 1294 posteriora

173 1319 174 1327 ’
271 1316 430 1369 mereatur.

172 1396 258 1473 *10
313 1406 414 1466 Habes
439 1405 545 1485 qualis,
572 1426 663 1485 quam
691 1407 836 1486 probatus
856 1427 1001 1487 carusque
1022 1408 1064 1469 eit
1084 1409 1178 1485 nobis,
1194 1426 1217 1465 rc

271 1525 360 1583 quem
384 1524 456 1585 rogo
486 1524 541 1584 pro
569 1505 701 1585 iugenio,
730 1524 786 1584 pro
813 1505 936 1566 fortuna
962 1514 1015 1566 tus
1043 1525 1179 1568 exornes

270 1603 301 1661 in
316 1602 420 1681 primis
434 1622 501 1661 ama
512 1602 681 1662 hominem:
704 1623 774 1662 nam
786 1601 979 1663 lieettn'buas
989 1603 1016 1663 ei
1030 1612 1180 1682 quantum

269 1700 486 1780 amplissimum
508 1708 602 1778 potes,
616 1700 690 1759 nihil
702 1711 804 1759 tamen
814 1700 942 1779 amplius
951 1708 1037 1778 potes
1047 1702 1180 1762 amicitia

270 1807 342 1870 tua3
362 1797 447 1856 euius
462 1816 525 1856 ease
540 1816 610 1857 eum
625 1817 719 1875 usque
734 1797 774 1857 ad
790 1797 928 1857 intimam
943 1797 1179 1873 familiaritatem

269 1915 407 1976 capacem
421 1914 482 1972 quo
496 1894 592 1975 magis
606 1895 704 1968 scires,
723 1894 856 1955 breuiter
873 1895 929 1954 tibi
943 1895 1052 1969 studia,
1071 1916 1177 1970 mores,
1194 1911 1217 1963 15

224 2012 387 2068 nemnem
421 1991 551 2070 denique
582 1993 678 2052 uitam
708 1993 772 2053 eius
800 1994 941 2072 expressi.
983 1994 1178 2056 extenderem

270 2111 379 2171 preces,
396 2091 453 2150 nisi
475 2099 507 2150 et
527 2099 562 2150 tu
584 2092 683 2172 rogari
704 2091 757 2151 diu
779 2092 881 2166 nolles,
903 2101 935 2152 et
956 2112 1012 2173 ego
1032 2102 1098 2154 tota
1123 2094 1178 2155 hoe

270 2188 398 2268 epistula
409 2188 561 2249 iecissem:
583 2197 672 2270 rogat
685 2190 774 2261 enim,
787 2198 819 2249 et
832 2188 954 2268 quidem
968 2190 1175 2266 efficacissime,

269 2288 321 2366 qui
333 2286 433 2347 reddit
447 2308 551 2348 causas
566 2287 700 2369 rogandi.
746 2286 820 2348 nale.

618 2571 670 2626 20.
705 2570 753 2632 (11.
775 2572 827 2632 14.)
844 2555 897 2607 tr·

472 2703 501 2753 ο.
521 2702 670 2754 rurruvs
687 2702 840 2754 uuxnro
857 2702 924 2755 svo
941 2703 967 2755 s.

240 2846 255 2901 1
310 2836 422 2895 Verum
438 2836 586 2915 opinaris:
609 2837 775 2915 distringor
789 2837 1055 2897 (uutumuirnlibus
1068 2837 1173 2910 cartam,

269 2956 344 3014 quae
360 2955 407 2993 nte
422 2943 563 2994 exercent
578 2936 673 3015 magis
694 2957 784 3014 quarn
800 2936 960 2995 ‹luleemnt
1002 2944 1074 2994 sunt
1093 2935 1174 2995 enim

270 3033 427 3113 pleraeque
440 3053 548 3111 paruae
558 3046 590 3094 et
602 3035 711 3094 exiles:
728 3055 795 3094 iuro
806 3034 912 3094 incidit
924 3032 971 3094 uel
981 3053 1173 3114 personarum

267 3230 392 3280 tuatim
404 3247 452 3281 ont.
466 3235 514 3280 ΙΝ
540 3230 680 3295 beligeret
691 3235 781 3282 Bl’oua
792 3230 884 3280 liceret
895 3229 963 3280 W
989 3229 1174 3290 1211me

268 3318 305 3363 BF
342 3315 370 3363 13
392 3313 582 3378 amplissimum
604 3319 679 3376 potes
701 3317 800 3361 mvoua
822 3311 1010 3375 atriplissimum
1029 3316 1116 3375 potest
1136 3315 1174 3360 m·

269 3397 333 3446 nilril
347 3404 435 3445 tamen
447 3395 561 3459 unrpliua
573 3402 649 3458 petes
661 3409 710 3443 ent.
728 3398 776 3442 HV
788 3402 863 3457 potes
878 3397 897 3441 B
911 3392 953 3454 (dy
965 3395 1043 3451 corr.)
1054 3406 1072 3441 ι
1085 3396 1173 3456 potest

268 3483 320 3528 fou
357 3475 442 3537 llud]
455 3477 547 3525 iners
