2950 4175
317 407 363 457 lar
518 406 547 458 G.
568 405 669 457 PLINI
685 405 830 457 CAECILI
847 405 1005 459 suevum
1033 406 1086 463 64.
1103 406 1164 468 (lx
1176 408 1217 468 132

315 553 400 625 malo,
434 560 465 612 et
495 551 589 611 donec
619 550 733 630 aliquid
765 552 915 630 probetur,
949 551 1045 625 credo,
1078 552 1219 631 poteritis

314 651 487 712 absoluere'

269 751 302 810 18
355 747 437 808 Haec
456 744 508 818 illi,
524 765 584 825 quo
605 746 732 825 quisque
749 745 853 808 ordine
874 747 1050 809 citabantur.
1096 746 1221 808 uenitur

314 843 353 904 ad
381 862 451 904 me:
492 862 646 924 consurgo,
676 851 746 904 utor
773 844 860 906 initio
887 845 968 925 quod
996 844 1028 905 in
1055 843 1134 905 libro
1162 852 1218 919 est,

315 939 479 1019 respondeo
499 939 633 1020 singulis.
686 941 796 1002 mirum
823 962 883 1021 qus
909 942 1086 1014 intentione,
1108 940 1221 1022 quibus
1250 954 1265 1009 5

315 1037 491 1097 clamoribus
508 1037 607 1098 omnia
626 1039 800 1118 exceperint
818 1041 870 1119 qui
889 1040 979 1101 modo
997 1039 1220 1102 reclamabant:

314 1142 400 1194 tanta
413 1134 568 1196 conuersio
579 1134 626 1196 uel
641 1135 756 1217 negotii
770 1135 957 1217 dignitatem,
971 1138 1020 1199 uel
1034 1145 1220 1218 prouentum

269 1232 303 1292 19
315 1231 464 1304 orationis,
478 1232 526 1293 uel
540 1233 649 1295 actoris
663 1235 862 1295 constantiam
872 1235 1031 1297 subsecuta
1041 1242 1095 1297 est.
1132 1234 1220 1296 finio:

314 1330 420 1409 incipit
430 1332 607 1410 respondere
618 1331 761 1393 Veiento:
778 1352 866 1394 nemo
880 1333 1009 1413 patitur:
1027 1332 1219 1407 obturbatur,

314 1427 505 1507 obstrepitur,
534 1428 609 1490 adeo
636 1428 758 1507 quidem
786 1442 822 1490 ut
847 1429 961 1491 diceret
990 1437 1087 1512 ‘rogo
1117 1438 1268 1510 petresse

315 1525 482 1603 conscripti,
506 1545 543 1586 ne
567 1546 615 1586 me
639 1526 753 1607 cogatis
776 1526 936 1607 implorare
956 1527 1103 1589 auxilium
1124 1525 1221 1589 tribu·

315 1626 439 1682 norum!
480 1630 511 1683 et
531 1622 634 1683 statim
655 1622 785 1684 Murena
805 1623 944 1684 tribunus
966 1624 1130 1704 ‘permitto
1150 1623 1217 1698 tibi,

315 1719 362 1780 uir
382 1719 542 1780 clarissime
562 1718 700 1794 Veiento,
722 1720 838 1782 dicere'
884 1720 968 1782 Tune
988 1740 1108 1800 qnoque
1129 1720 1220 1784 reela·

269 1822 421 1881 bimetur.
477 1817 557 1877 inter
590 1837 687 1878 moras
721 1818 825 1878 consul
859 1818 959 1878 citatis
987 1819 1158 1880 nominibus
1187 1826 1220 1880 et

313 1923 432 1996 peraeta
459 1914 637 1977 discessione
664 1916 761 1976 mittit
781 1926 926 1990 senatum,
949 1936 984 1978 ae
1004 1936 1098 1997 paene
1119 1917 1219 1978 adhue
1235 1937 1265 1993 ¹5

314 2021 444 2075 stantem
462 2021 721 2095 temptantemque
734 2013 833 2076 dicere
847 2014 1045 2076 Veientonem
1063 2015 1214 2095 relinquit

314 2112 443 2173 multum
462 2112 511 2174 ille
531 2112 637 2175 dehac
659 2113 716 2193 (ita
733 2113 873 2190 uocabat)
891 2113 1071 2175 contumelia
1091 2122 1218 2193 questus

314 2217 360 2272 est
382 2209 541 2273 Homerico
562 2230 651 2272 uersu

404 2325 425 2381 ὧ
439 2326 530 2403 γέρον,
547 2325 565 2402 ἦ
578 2323 659 2401 μάλα
674 2324 708 2402 δή
722 2348 758 2383 σε
772 2322 828 2383 vioe
843 2323 969 2401 τείρουσι
983 2323 1121 2403 μαχηταί.

268 2446 301 2504 21
354 2439 422 2500 Non
437 2440 499 2501 fere
512 2440 671 2519 quisquam
689 2440 721 2499 in
736 2448 843 2501 senatu
862 2439 921 2499 fuit
934 2439 986 2518 qni
1004 2460 1064 2501 non
1078 2459 1126 2499 me
1140 2460 1217 2501 eom·
1230 2460 1265 2498 ao

313 2536 500 2616 plecteretur,
523 2535 754 2611 exoscularetur,
777 2538 974 2616 certatimque
1004 2536 1092 2597 laude
1115 2557 1217 2598 cumn·

314 2633 397 2707 laret,
412 2634 493 2713 quod
514 2635 717 2695 intermissum
733 2634 860 2695 iamdiu
878 2654 991 2695 morem
1011 2635 1042 2695 in
1061 2634 1215 2714 publicum

315 2730 486 2793 consulendi
500 2732 645 2811 susceptis
660 2731 788 2811 propriis
802 2732 1005 2792 simultatibus
1019 2730 1215 2802 reduxissent,

315 2824 393 2903 quod
435 2824 562 2903 (lenique
604 2836 742 2886 senatum
783 2825 897 2885 inuidia
937 2824 1119 2894 liberassem,
1157 2845 1216 2903 quo

315 2923 458 3002 flagmbat
477 2923 557 3002 apud
575 2922 694 2984 ordines
715 2923 797 2995 alios,
813 2923 893 3002 qnod
910 2942 1031 2982 seuerus
1051 2923 1081 2981 in
1101 2930 1216 2984 eeteros
1230 2944 1262 2996 25

314 3020 500 3080 senatoribus
514 3021 583 3081 solis
597 3020 834 3081 dissimulatione
848 3022 932 3100 quasi
947 3030 1053 3080 mutua
1071 3033 1214 3099 parceret.

268 3127 302 3184 22
355 3118 436 3178 liaeo
456 3129 522 3177 aeta
543 3127 614 3179 sunt
633 3119 757 3179 absente
779 3118 887 3193 Certo;
908 3119 966 3178 fuit
987 3120 1065 3178 enim
1081 3138 1133 3178 seu
1155 3118 1216 3179 tulc

314 3215 426 3295 aliquid
448 3216 621 3295 suspicatus,
638 3217 710 3288 siue,
727 3225 761 3276 ut
776 3217 981 3288 excusabatur,
997 3216 1140 3276 infirmus.
1184 3225 1216 3277 et

316 3410 346 3459 lt
363 3408 489 3473 relinquit
500 3421 534 3457 es
545 3407 653 3473 reliquit
663 3421 683 3457 u
693 3406 807 3473 reliquid
818 3411 844 3457 Μ
877 3410 909 3459 ‘20
925 3423 977 3457 non
990 3423 1030 3456 me
1044 3410 1087 3456 lta
1104 3422 1144 3456 me
1161 3423 1214 3457 non

314 3503 349 3541 ou
380 3491 413 3539 2‘2
430 3490 482 3539 iam
494 3493 537 3539 ua
548 3497 604 3539 tam
614 3502 649 3539 on
