2950 4175
319 391 351 438 82
527 389 556 440 O.
578 387 678 439 PLINI
695 386 839 438 oseem
858 384 1016 437 suevum
1057 384 1110 440 41.
1127 381 1187 446 (VI.
1198 383 1227 445 2)

290 535 387 595 deum
409 555 559 613 quaerero.
603 554 672 593 narn
694 543 853 612 postquam
877 532 953 592 obiit
978 531 1036 604 illc,
1059 530 1227 591 increbruit

320 633 427 712 passim
456 643 486 691 ct
520 629 649 689 inuoluit
677 629 861 690 consuetudo
889 630 974 690 binas
1009 629 1058 688 uel
1093 629 1226 708 singulas

318 729 496 808 clepsydras,
527 727 680 787 interdum
708 729 800 788 etiarn
834 727 976 787 dimidias
1007 735 1038 786 et
1072 725 1165 786 dandi
1193 734 1226 785 et

319 826 448 906 petendi.
496 845 565 884 narn
594 832 624 884 et
652 827 704 902 qui
732 825 837 885 dicunt
865 825 961 904 egisse
989 823 1107 883 malunt
1134 841 1226 901 quam

318 944 405 1003 agere
433 932 463 982 ct
491 922 542 1000 qui
571 922 699 982 audiunt
727 924 812 983 finire
840 943 930 1001 quarn
955 921 1095 982 iudicare.
1123 928 1226 998 ,tants
1256 934 1270 990 5

318 1021 514 1101 neglegentia,
530 1029 617 1080 tenta
630 1020 753 1093 desidia,
770 1030 856 1080 tanta
876 1020 1007 1097 denique
1028 1018 1226 1078 irreuerentia

237 1097 261 1176 l
289 1117 486 1177 dstudiorum
508 1117 768 1195 periculorumque
790 1131 844 1178 est.
887 1137 926 1176 an
951 1136 1005 1176 nos
1028 1115 1226 1193 sapientiores

318 1215 479 1274 maioribus
494 1215 611 1287 nostris,
629 1234 683 1275 nos
698 1215 813 1294 legibus
828 1214 900 1292 ipsis
915 1214 1062 1286 iustiores,
1079 1231 1157 1290 quae
1178 1219 1225 1271 tot

319 1314 413 1384 horas,
440 1321 487 1371 tot
514 1312 587 1384 dics,
612 1322 659 1372 tot
683 1311 1010 1391 comperendinationes
1033 1309 1224 1388 largiunturl

318 1411 439 1470 hebetes
467 1409 512 1469 illi
540 1419 571 1469 et
599 1430 689 1489 supra
724 1410 847 1469 modum
883 1408 970 1480 tardi,
1002 1427 1056 1467 nos
1090 1407 1225 1485 apertius
1241 1423 1272 1461 10

318 1509 451 1580 dicimus,
475 1507 599 1568 celerius
620 1507 830 1587 intellegimus,
854 1506 1022 1585 religiosius
1046 1504 1223 1578 iudicamus,

318 1609 388 1685 quia
423 1606 611 1685 paucioribus
647 1605 812 1684 clepsydris
846 1605 1079 1683 praecipitamus
1120 1623 1224 1663 causas

289 1712 408 1786 ‘lquam
442 1706 548 1765 diebus
583 1705 725 1783 explicari
760 1705 917 1764 solebantl
968 1723 986 1763 ο
1015 1703 1139 1782 Regulo,
1170 1703 1222 1781 qui

318 1805 481 1864 ambitione
495 1804 533 1862 ab
548 1803 686 1863 omnibus
701 1803 856 1862 obtinebas
871 1801 952 1880 quod
968 1801 1036 1862 fidei
1052 1801 1223 1880 paucissimi

206 1889 208 1893 ¹
242 1920 281 1986 ςδ-
318 1906 488 1982 praestant!
1240 1914 1271 1969 15

360 1999 504 2077 Equidem
527 1997 666 2076 quotiens
691 1997 797 2068 iudico,
825 1995 906 2075 quod
930 1995 978 2056 uel
1004 1996 1122 2075 saepius
1148 1995 1224 2056 facio

318 2120 407 2177 quam
428 2099 502 2170 dico,
526 2105 670 2175 quantum
694 2097 761 2174 quis
786 2096 948 2173 plurimum
974 2094 1108 2173 postulat
1129 2113 1223 2172 aquae

289 2198 364 2257 8do.
412 2197 522 2257 etenim
558 2195 748 2255 temerarium
785 2194 925 2253 existimo
959 2193 1097 2253 diuinare
1132 2211 1223 2271 quam

319 2296 448 2373 spatiosa
468 2294 509 2352 sit
529 2313 617 2352 causa
638 2292 773 2351 inaudita
795 2300 973 2369 tempusque
995 2290 1117 2370 negotio
1139 2289 1224 2349 linire

318 2394 402 2452 cuius
436 2391 558 2451 modum
601 2391 728 2470 ignores,
772 2389 947 2467 praesertim
985 2409 1053 2449 cum
1095 2389 1223 2467 primam
1239 2408 1272 2445 20

319 2490 454 2568 religioni
483 2509 554 2549 suae
582 2488 673 2548 iudex
702 2487 878 2566 patientiam
906 2486 1023 2557 debeat,
1049 2505 1126 2565 quae
1154 2505 1224 2564 pars

319 2610 427 2668 magua
442 2589 574 2647 iustitiae
585 2597 639 2646 est.
675 2595 708 2645 at
718 2585 864 2663 quaedam
876 2605 1060 2663 superuacua
1070 2584 1222 2645 dicuntru.
1272 2573 1275 2579 ’

319 2689 429 2747 etiam:
464 2686 517 2745 sed
545 2686 639 2744 satius
660 2692 706 2744 est
727 2693 758 2743 et
785 2683 856 2742 hoec
884 2684 943 2743 dici
966 2704 1056 2762 quam
1082 2702 1141 2743 non
1164 2682 1224 2743 dici

291 2780 490 2838 bricccssaria.
535 2790 688 2856 praeterea
712 2799 750 2835 au
774 2778 834 2836 siut
859 2797 1051 2855 superuacuo,
1075 2777 1132 2836 nisi
1156 2796 1222 2835 cnm

319 2876 457 2947 audieris
474 2877 547 2935 sciro
571 2896 628 2935 non
652 2877 752 2954 possis
797 2874 848 2934 sed
870 2875 908 2934 dc
926 2875 971 2934 his
993 2874 1099 2934 melius
1114 2895 1222 2948 coram,
1239 2896 1270 2947 25

320 2989 353 3032 ut
368 2974 404 3033 dc
428 2973 562 3051 pluribus
577 2974 659 3032 uitiis
675 2974 812 3031 ciuitatis.
857 2993 924 3032 nam
941 2984 974 3031 tu
989 2991 1108 3050 quoquc
1123 2992 1224 3033 amoro

319 3072 520 3130 conuuunium
536 3071 612 3130 soles
627 3071 778 3130 emendari
794 3091 900 3150 cupere
915 3091 991 3149 <piac
1007 3072 1063 3129 iarn
1076 3072 1224 3150 corrigere

319 3169 436 3228 ‹lillicilc
451 3181 503 3226 est.

320 3323 334 3356 κ·
360 3331 426 3378 quac
447 3320 487 3361 tot
508 3314 584 3361 boras
604 3330 671 3377 quim
693 3324 733 3361 roi.
754 3314 809 3362 dics
828 3328 845 3362 a
889 3316 921 3361 ‘20
945 3316 1056 3377 primurn
1081 3314 1224 3363 sichardo«

320 3399 352 3443 ro
375 3413 461 3443 urirorc
480 3397 654 3444 communium
679 3401 757 3444 Meua
779 3413 864 3443 artiore
888 3398 1063 3444 cornuiuuiuru
1088 3397 1185 3445 ciuium
1207 3397 1227 3446 f

320 3495 406 3524 :liuore-
418 3478 546 3524 ‹eommuui
560 3477 700 3524 seraranan
712 3494 798 3524 saniore
810 3479 939 3525 ronuuuui
953 3480 1067 3525 oniiriinn
1083 3479 1222 3526 illuminator
