2950 4175
273 385 322 440 81.
338 385 388 445 (11.
402 386 442 445 111
517 382 715 433 EPISTVLAE
736 378 927 432 SELEC'FAE.
1145 386 1175 435 41

274 529 381 590 torium
396 526 565 585 membrum
578 525 708 584 transitu
727 526 931 598 interiacente,
948 526 1000 604 qui
1015 545 1176 605 suspensus

275 636 304 686 et
327 623 488 684 tubulatus
515 630 691 700 conceptum
719 642 861 701 uaporem
890 621 1002 683 salubri
1031 630 1176 701 tempera·

275 736 372 782 mento
399 720 459 781 hue
486 720 557 779 illuc
582 718 692 799 digerit
714 728 746 779 et
770 721 930 781 ministrat.
966 719 1083 797 reliqua
1107 741 1175 799 pars

276 819 372 880 lateris
383 818 474 879 huius
484 837 639 877 seruorum
651 817 886 897 libertorumque
897 818 1000 878 usibus
1011 817 1174 889 detinetur,

257 917 420 998 splerisque
435 925 498 976 tam
512 915 632 974 mundis
647 925 681 973 ut
694 916 827 994 accipere
842 916 974 995 hospites
989 915 1113 996 possint.

309 1015 356 1074 Ex
368 1015 430 1074 alio
447 1014 541 1073 latere
561 1012 730 1072 cubiculum
745 1022 793 1073 est
812 1012 1044 1093 politissimum
1065 1012 1174 1073 deinde
1188 1019 1221 1076 10

277 1111 317 1171 uel
345 1110 517 1172 cubiculum
551 1109 664 1189 grande
699 1110 747 1170 nel
782 1110 900 1170 modica
934 1111 1060 1184 cenatio,
1098 1131 1174 1191 quae

276 1207 398 1288 plurimo
407 1207 478 1280 sole,
490 1206 619 1286 plurimo
632 1207 707 1265 mari
722 1206 816 1280 lucet;
831 1218 900 1286 post
914 1209 990 1269 hane
1004 1208 1174 1269 cubiculum

276 1325 336 1366 eum
370 1314 558 1386 procoetone,
594 1304 756 1364 altitudine
782 1305 942 1378 aestiuum,
979 1307 1174 1367 munimentis

247 1401 448 1464 lohbernum:
484 1413 531 1462 est
557 1402 636 1461 enim
671 1401 854 1462 subductum
889 1403 1029 1464 omnibus
1064 1405 1172 1465 uentis.

275 1498 338 1562 huic
364 1499 502 1561 cubiculo
529 1499 610 1559 aliud
634 1508 666 1559 et
690 1509 852 1579 procoeton
879 1501 1031 1560 communi
1059 1502 1175 1581 pariete

275 1596 446 1679 iunguntur.
483 1596 552 1657 inde
575 1596 684 1656 balinei
706 1596 781 1656 cella
805 1596 962 1677 frigidaria
984 1598 1116 1678 spatiosa
1143 1608 1256 1666 ct11—

273 1698 370 1769 effirsa,
385 1696 471 1756 cuius
492 1696 523 1755 in
544 1695 700 1754 contrariis
722 1694 888 1773 parietibus
911 1694 973 1756 duo
995 1694 1174 1775 baptisteria

273 1794 354 1855 uelut
382 1793 478 1854 eiecta
500 1793 664 1864 sinuantur,
688 1791 808 1853 abunde
832 1793 958 1872 capacia,
982 1792 1008 1852 si
1036 1794 1173 1855 marein

242 1892 406 1972 ¹5proximo
433 1890 554 1970 cogites.
590 1888 707 1948 adiacet
740 1889 918 1961 unctorium,
953 1886 1172 1969 hypocauston,

271 1988 386 2050 ediscet
406 1987 590 2068 propnigeon
614 1986 732 2058 balinei,
756 2006 828 2047 mox
852 1986 930 2048 duee
956 1987 1049 2049 cellae
1077 1989 1173 2069 magis

270 2088 422 2169 elegantes
442 2106 532 2164 quarn
553 2096 762 2165 sumptuosae:
783 2085 923 2146 cohaeret
943 2085 1040 2146 calida
1060 2088 1173 2167 piscina

270 2185 400 2257 mirifica,
416 2203 455 2244 ex
474 2203 534 2261 qua
554 2194 692 2243 natantes
714 2203 797 2243 mare
818 2184 975 2263 aspiciunt,
991 2203 1046 2245 nec
1069 2186 1171 2263 procul
1186 2184 1219 2241 12

269 2282 520 2363 sphaeristerium,
532 2281 615 2359 ⁴quod
630 2280 810 2341 calidissimo
821 2280 874 2341 soli
890 2281 1032 2342 inclinato
1047 2282 1107 2341 iam
1123 2282 1172 2343 die

234 2382 405 2442 ”occurrit
442 2380 490 2439 hic
519 2381 608 2439 turris
631 2380 765 2459 erigitur,
785 2380 841 2439 sub
863 2399 923 2457 qua
944 2380 1062 2440 diaetae
1085 2380 1171 2454 (luae,

268 2477 395 2540 totidem
417 2478 448 2537 in
470 2479 541 2557 ipsa,
564 2487 717 2557 praeterea
741 2478 866 2549 cenatio,
890 2497 967 2556 quae
992 2478 1171 2540 latissimum

268 2595 357 2648 mare,
370 2575 574 2656 longissimum
589 2575 668 2649 litus,
680 2576 903 2635 amoenissimae
917 2576 1004 2636 uillas
1018 2579 1170 2657 prospicit.

267 2682 314 2735 eet
340 2683 373 2735 et
395 2672 457 2733 alia
484 2675 592 2733 tumis:
619 2674 650 2733 in
680 2674 734 2734 hac
762 2673 941 2747 cubiculum,
978 2675 1009 2734 in
1037 2696 1099 2755 quo
1128 2678 1171 2738 sol
1186 2679 1218 2735 13

268 2772 401 2831 nascitur
413 2770 628 2850 conditurque:
648 2772 709 2832 lata
723 2779 792 2851 post
806 2773 952 2852 apotheca
965 2782 999 2835 et
1012 2774 1152 2835 horreum
1165 2800 1171 2835 z

228 2870 323 2935 25suh
351 2870 407 2929 hoc
436 2869 605 2939 triclinium,
636 2870 715 2948 quod
747 2871 861 2931 turbati
891 2872 981 2933 maris
1017 2894 1076 2933 non
1116 2875 1170 2934 nisi

269 3061 280 3110 1
298 3064 343 3127 qui
367 3076 509 3125 suspensus
525 3070 551 3111 et
570 3061 707 3111 subulatus
720 3067 758 3112 Π
770 3064 816 3127 qui
834 3079 977 3129 suspensus
991 3072 1020 3115 et
1034 3065 1172 3117 tabulatus

267 3141 324 3194 cae.
337 3158 356 3193 a
366 3144 412 3209 qui
424 3160 564 3207 suspensus
575 3153 601 3193 et
612 3148 705 3204 (etom.
717 3147 743 3204 ο)
754 3144 875 3195 sublatus
886 3158 921 3195 ou
931 3147 1002 3211 qual
1014 3164 1170 3213 suspensum

266 3231 294 3274 et
305 3225 457 3276 tabulatum
470 3230 517 3274 1111
553 3228 570 3275 5
583 3227 685 3291 possint
695 3232 724 3275 et
734 3243 767 3276 ex
780 3232 818 3277 ff
852 3229 870 3279 8
883 3228 1082 3293 ponitis-imum
1095 3232 1170 3295 (poli-

267 3311 328 3369 ωε)
344 3312 434 3358 Brona
450 3309 613 3373 potissimum
631 3314 678 3358 MV
710 3313 726 3358 8
744 3311 858 3375 plurimo
875 3312 929 3361 sole
945 3328 994 3362 om.
1015 3319 1062 3364 HV
1100 3317 1127 3363 11
1148 3317 1169 3365 si

267 3405 337 3441 mere
348 3390 417 3441 1191ἰ
427 3392 468 3440 eiu
480 3407 551 3440 snare
564 3396 635 3441 Brea
646 3393 668 3441 si
681 3393 772 3442 innare
783 3406 800 3442 ι
831 3394 865 3442 ‘22
881 3397 1078 3445 arumnimimas
1092 3398 1170 3448 uillas

267 3474 355 3523 Bous
366 3472 444 3521 uillas
455 3473 649 3521 anroeninsimas
659 3477 707 3523 HV
717 3476 847 3539 prospicit
857 3479 947 3526 trem
958 3476 1076 3541 possidet
1087 3479 1155 3529 HVF
